<?xml version="1.0" encoding="UTF-8"?>
<!DOCTYPE html PUBLIC "-//W3C//DTD XHTML 1.0 Transitional//EN"
    "http://www.w3.org/TR/xhtml1/DTD/xhtml1-transitional.dtd">
<html xmlns="http://www.w3.org/1999/xhtml" xml:lang="en" lang="en">
 <head>
  <title>
</title>
<meta http-equiv="Content-Type" content="text/html;charset=utf-8" />
  <meta name='ocr-system' content='tesseract 3.04.00' />
  <meta name='ocr-capabilities' content='ocr_page ocr_carea ocr_par ocr_line ocrx_word'/>
</head>
<body>
  <div class='ocr_page' id='page_1' title='image "./deivribvsetprivi00pell_0345.png"; bbox 0 0 2372 3308; ppageno 0'>
   <div class='ocr_carea' id='block_1_1' title="bbox 700 107 1250 219">
    <p class='ocr_par' dir='ltr' id='par_1_1' title="bbox 700 107 1250 219">
     <span class='ocr_line' id='line_1_1' title="bbox 700 107 1250 219; baseline -0.009 -36"><span class='ocrx_word' id='word_1_1' title='bbox 700 107 898 184; x_wconf 84' lang='lat' dir='ltr'>Liber</span> <span class='ocrx_word' id='word_1_2' title='bbox 922 110 1250 219; x_wconf 64' lang='lat' dir='ltr'>Quintus.</span> 
     </span>
    </p>
   </div>
   <div class='ocr_carea' id='block_1_2' title="bbox 124 225 963 802">
    <p class='ocr_par' dir='ltr' id='par_1_2' title="bbox 124 225 963 802">
     <span class='ocr_line' id='line_1_2' title="bbox 126 225 957 288; baseline -0.007 -11"><span class='ocrx_word' id='word_1_3' title='bbox 126 244 183 277; x_wconf 84' lang='lat' dir='ltr'>ter</span> <span class='ocrx_word' id='word_1_4' title='bbox 194 229 373 275; x_wconf 86' lang='lat' dir='ltr'>resolutio</span> <span class='ocrx_word' id='word_1_5' title='bbox 385 226 635 288; x_wconf 67' lang='lat' dir='ltr'>eihquodaut</span> <span class='ocrx_word' id='word_1_6' title='bbox 656 225 764 271; x_wconf 85' lang='lat' dir='ltr'>Reus</span> <span class='ocrx_word' id='word_1_7' title='bbox 782 227 856 270; x_wconf 84' lang='lat' dir='ltr'>fuit</span> <span class='ocrx_word' id='word_1_8' title='bbox 866 242 957 271; x_wconf 88' lang='lat' dir='ltr'>con·</span> 
     </span>
     <span class='ocr_line' id='line_1_3' title="bbox 125 286 960 343; baseline -0.006 -11"><span class='ocrx_word' id='word_1_9' title='bbox 125 291 326 333; x_wconf 84' lang='lat' dir='ltr'>demnatus</span> <span class='ocrx_word' id='word_1_10' title='bbox 344 302 461 343; x_wconf 86' lang='lat' dir='ltr'>poena</span> <span class='ocrx_word' id='word_1_11' title='bbox 472 286 714 342; x_wconf 77' lang='lat' dir='ltr'>relegationis</span> <span class='ocrx_word' id='word_1_12' title='bbox 734 298 821 326; x_wconf 88' lang='lat' dir='ltr'>cum</span> <span class='ocrx_word' id='word_1_13' title='bbox 842 288 960 328; x_wconf 85' lang='lat' dir='ltr'>confi-</span> 
     </span>
     <span class='ocr_line' id='line_1_4' title="bbox 127 342 959 398; baseline -0.007 -8"><span class='ocrx_word' id='word_1_14' title='bbox 127 349 292 390; x_wconf 79' lang='lat' dir='ltr'>scatione</span> <span class='ocrx_word' id='word_1_15' title='bbox 311 348 502 388; x_wconf 85' lang='lat' dir='ltr'>bonorum</span> <span class='ocrx_word' id='word_1_16' title='bbox 515 345 606 398; x_wconf 87' lang='lat' dir='ltr'>puta</span> <span class='ocrx_word' id='word_1_17' title='bbox 622 356 665 383; x_wconf 84' lang='lat' dir='ltr'>ex</span> <span class='ocrx_word' id='word_1_18' title='bbox 676 342 799 384; x_wconf 84' lang='lat' dir='ltr'>forma</span> <span class='ocrx_word' id='word_1_19' title='bbox 818 342 959 391; x_wconf 73' lang='lat' dir='ltr'>statuti,</span> 
     </span>
     <span class='ocr_line' id='line_1_5' title="bbox 127 399 958 458; baseline -0.007 -12"><span class='ocrx_word' id='word_1_20' title='bbox 127 404 269 446; x_wconf 83' lang='lat' dir='ltr'>&amp;tunc</span> <span class='ocrx_word' id='word_1_21' title='bbox 282 417 348 458; x_wconf 89' lang='lat' dir='ltr'>per</span> <span class='ocrx_word' id='word_1_22' title='bbox 357 402 696 457; x_wconf 86' lang='lat' dir='ltr'>superuenientiam</span> <span class='ocrx_word' id='word_1_23' title='bbox 714 399 878 440; x_wconf 76' lang='lat' dir='ltr'>filiorum</span> <span class='ocrx_word' id='word_1_24' title='bbox 900 414 958 442; x_wconf 79' lang='lat' dir='ltr'>re·</span> 
     </span>
     <span class='ocr_line' id='line_1_6' title="bbox 126 455 963 504; baseline -0.006 -1"><span class='ocrx_word' id='word_1_25' title='bbox 126 474 285 504; x_wconf 82' lang='lat' dir='ltr'>uocatur</span> <span class='ocrx_word' id='word_1_26' title='bbox 294 460 454 500; x_wconf 86' lang='lat' dir='ltr'>donatio</span> <span class='ocrx_word' id='word_1_27' title='bbox 471 458 520 498; x_wconf 92' lang='lat' dir='ltr'>ad</span> <span class='ocrx_word' id='word_1_28' title='bbox 533 457 785 498; x_wconf 80' lang='lat' dir='ltr'>commodum</span> <span class='ocrx_word' id='word_1_29' title='bbox 798 455 963 498; x_wconf 88' lang='lat' dir='ltr'>donato-</span> 
     </span>
     <span class='ocr_line' id='line_1_7' title="bbox 127 513 962 570; baseline -0.005 -11"><span class='ocrx_word' id='word_1_30' title='bbox 127 520 264 565; x_wconf 78' lang='lat' dir='ltr'>tis,nec</span> <span class='ocrx_word' id='word_1_31' title='bbox 282 514 500 557; x_wconf 82' lang='lat' dir='ltr'>confiscatio</span> <span class='ocrx_word' id='word_1_32' title='bbox 512 516 672 556; x_wconf 89' lang='lat' dir='ltr'>trahitur</span> <span class='ocrx_word' id='word_1_33' title='bbox 685 513 733 555; x_wconf 87' lang='lat' dir='ltr'>ad</span> <span class='ocrx_word' id='word_1_34' title='bbox 743 514 962 570; x_wconf 69' lang='lat' dir='ltr'>acquisitio·</span> 
     </span>
     <span class='ocr_line' id='line_1_8' title="bbox 124 571 961 628; baseline -0.002 -12"><span class='ocrx_word' id='word_1_35' title='bbox 124 588 214 616; x_wconf 87' lang='lat' dir='ltr'>nem</span> <span class='ocrx_word' id='word_1_36' title='bbox 228 572 332 614; x_wconf 81' lang='lat' dir='ltr'>istam</span> <span class='ocrx_word' id='word_1_37' title='bbox 351 585 395 613; x_wconf 86' lang='lat' dir='ltr'>ex</span> <span class='ocrx_word' id='word_1_38' title='bbox 412 571 518 614; x_wconf 86' lang='lat' dir='ltr'>causa</span> <span class='ocrx_word' id='word_1_39' title='bbox 531 571 777 628; x_wconf 79' lang='lat' dir='ltr'>subsequenti:</span> <span class='ocrx_word' id='word_1_40' title='bbox 788 584 852 613; x_wconf 85' lang='lat' dir='ltr'>aut</span> <span class='ocrx_word' id='word_1_41' title='bbox 867 586 961 614; x_wconf 86' lang='lat' dir='ltr'>vero</span> 
     </span>
     <span class='ocr_line' id='line_1_9' title="bbox 124 629 959 685; baseline -0.005 -10"><span class='ocrx_word' id='word_1_42' title='bbox 124 630 235 675; x_wconf 78' lang='lat' dir='ltr'>Reus</span> <span class='ocrx_word' id='word_1_43' title='bbox 252 630 530 671; x_wconf 85' lang='lat' dir='ltr'>condemnatur</span> <span class='ocrx_word' id='word_1_44' title='bbox 541 643 659 685; x_wconf 81' lang='lat' dir='ltr'>poena</span> <span class='ocrx_word' id='word_1_45' title='bbox 678 629 959 685; x_wconf 82' lang='lat' dir='ltr'>deportationis</span> 
     </span>
     <span class='ocr_line' id='line_1_10' title="bbox 124 687 960 735; baseline -0.001 -5"><span class='ocrx_word' id='word_1_46' title='bbox 124 701 214 731; x_wconf 89' lang='lat' dir='ltr'>cum</span> <span class='ocrx_word' id='word_1_47' title='bbox 228 687 493 730; x_wconf 85' lang='lat' dir='ltr'>confiscatione</span> <span class='ocrx_word' id='word_1_48' title='bbox 513 688 705 729; x_wconf 88' lang='lat' dir='ltr'>bonorum</span> <span class='ocrx_word' id='word_1_49' title='bbox 720 716 731 735; x_wconf 88' lang='lat'>‚</span> <span class='ocrx_word' id='word_1_50' title='bbox 742 688 781 728; x_wconf 87' lang='lat'>&amp;</span> <span class='ocrx_word' id='word_1_51' title='bbox 794 700 882 728; x_wconf 90' lang='lat' dir='ltr'>tunc</span> <span class='ocrx_word' id='word_1_52' title='bbox 894 698 960 729; x_wconf 86' lang='lat' dir='ltr'>aut</span> 
     </span>
     <span class='ocr_line' id='line_1_11' title="bbox 124 744 960 802; baseline -0.002 -15"><span class='ocrx_word' id='word_1_53' title='bbox 124 745 176 788; x_wconf 80' lang='lat' dir='ltr'>fili</span> <span class='ocrx_word' id='word_1_54' title='bbox 180 748 195 802; x_wconf 82' lang='lat' dir='ltr'>j</span> <span class='ocrx_word' id='word_1_55' title='bbox 209 745 291 788; x_wconf 89' lang='lat' dir='ltr'>sunt</span> <span class='ocrx_word' id='word_1_56' title='bbox 311 746 512 801; x_wconf 89' lang='lat' dir='ltr'>concepti,</span> <span class='ocrx_word' id='word_1_57' title='bbox 534 746 575 785; x_wconf 87' lang='lat'>&amp;</span> <span class='ocrx_word' id='word_1_58' title='bbox 589 747 665 786; x_wconf 90' lang='lat' dir='ltr'>nati</span> <span class='ocrx_word' id='word_1_59' title='bbox 688 745 771 798; x_wconf 83' lang='lat' dir='ltr'>post</span> <span class='ocrx_word' id='word_1_60' title='bbox 782 744 960 799; x_wconf 86' lang='lat' dir='ltr'>deporta·</span> 
     </span>
    </p>
   </div>
   <div class='ocr_carea' id='block_1_3' title="bbox 123 802 1008 858">
    <p class='ocr_par' dir='ltr' id='par_1_3' title="bbox 123 802 1008 858">
     <span class='ocr_line' id='line_1_12' title="bbox 123 802 1008 858; baseline -0.003 -13"><span class='ocrx_word' id='word_1_61' title='bbox 123 805 329 851; x_wconf 61' lang='lat' dir='ltr'>tionem&amp;</span> <span class='ocrx_word' id='word_1_62' title='bbox 342 818 405 858; x_wconf 86' lang='lat' dir='ltr'>per</span> <span class='ocrx_word' id='word_1_63' title='bbox 420 817 552 845; x_wconf 86' lang='lat' dir='ltr'>eorum</span> <span class='ocrx_word' id='word_1_64' title='bbox 565 805 799 843; x_wconf 79' lang='lat' dir='ltr'>natiuitatem</span> <span class='ocrx_word' id='word_1_65' title='bbox 813 815 890 843; x_wconf 91' lang='lat' dir='ltr'>non</span> <span class='ocrx_word' id='word_1_66' title='bbox 902 802 960 843; x_wconf 84' lang='lat' dir='ltr'>vi·</span> <span class='ocrx_word' id='word_1_67' title='bbox 1006 831 1008 834; x_wconf 34' lang='lat' dir='ltr'>s</span> 
     </span>
    </p>
   </div>
   <div class='ocr_carea' id='block_1_4' title="bbox 111 859 969 2994">
    <p class='ocr_par' dir='ltr' id='par_1_4' title="bbox 124 859 961 1191">
     <span class='ocr_line' id='line_1_13' title="bbox 124 859 961 910; baseline -0.004 -7"><span class='ocrx_word' id='word_1_68' title='bbox 124 861 245 910; x_wconf 57' lang='lat' dir='ltr'>deturv</span> <span class='ocrx_word' id='word_1_69' title='bbox 257 863 429 902; x_wconf 78' lang='lat' dir='ltr'>ieuocari</span> <span class='ocrx_word' id='word_1_70' title='bbox 440 861 612 902; x_wconf 88' lang='lat' dir='ltr'>donatio:</span> <span class='ocrx_word' id='word_1_71' title='bbox 624 872 687 900; x_wconf 88' lang='lat' dir='ltr'>aut</span> <span class='ocrx_word' id='word_1_72' title='bbox 698 873 787 900; x_wconf 85' lang='lat' dir='ltr'>vero</span> <span class='ocrx_word' id='word_1_73' title='bbox 801 859 835 899; x_wconf 90' lang='lat' dir='ltr'>su</span> <span class='ocrx_word' id='word_1_74' title='bbox 841 872 882 900; x_wconf 86' lang='lat' dir='ltr'>nt</span> <span class='ocrx_word' id='word_1_75' title='bbox 893 861 961 900; x_wconf 76' lang='lat' dir='ltr'>co-</span> 
     </span>
     <span class='ocr_line' id='line_1_14' title="bbox 125 916 961 974; baseline -0.002 -14"><span class='ocrx_word' id='word_1_76' title='bbox 125 920 229 974; x_wconf 85' lang='lat' dir='ltr'>cepti</span> <span class='ocrx_word' id='word_1_77' title='bbox 243 931 329 960; x_wconf 89' lang='lat' dir='ltr'>ante</span> <span class='ocrx_word' id='word_1_78' title='bbox 343 918 663 972; x_wconf 77' lang='lat' dir='ltr'>deportationem,</span> <span class='ocrx_word' id='word_1_79' title='bbox 675 917 718 957; x_wconf 71' lang='grc' dir='ltr'>δε</span> <span class='ocrx_word' id='word_1_80' title='bbox 730 916 882 959; x_wconf 87' lang='lat' dir='ltr'>videtur</span> <span class='ocrx_word' id='word_1_81' title='bbox 893 930 961 971; x_wconf 88' lang='lat' dir='ltr'>pet·</span> 
     </span>
     <span class='ocr_line' id='line_1_15' title="bbox 125 974 961 1029; baseline -0.005 -10"><span class='ocrx_word' id='word_1_82' title='bbox 125 989 262 1019; x_wconf 81' lang='lat' dir='ltr'>eorum</span> <span class='ocrx_word' id='word_1_83' title='bbox 276 977 513 1016; x_wconf 87' lang='lat' dir='ltr'>natiuitatem</span> <span class='ocrx_word' id='word_1_84' title='bbox 532 974 637 1029; x_wconf 84' lang='lat' dir='ltr'>posse</span> <span class='ocrx_word' id='word_1_85' title='bbox 647 987 816 1015; x_wconf 80' lang='lat' dir='ltr'>reuocari</span> <span class='ocrx_word' id='word_1_86' title='bbox 833 1003 845 1021; x_wconf 92' lang='lat'>,</span> <span class='ocrx_word' id='word_1_87' title='bbox 856 987 896 1014; x_wconf 90' lang='lat' dir='ltr'>vt</span> <span class='ocrx_word' id='word_1_88' title='bbox 909 974 961 1015; x_wconf 89' lang='lat' dir='ltr'>est</span> 
     </span>
     <span class='ocr_line' id='line_1_16' title="bbox 125 1031 960 1083; baseline -0.004 -7"><span class='ocrx_word' id='word_1_89' title='bbox 125 1031 228 1077; x_wconf 77' lang='lat' dir='ltr'>casus</span> <span class='ocrx_word' id='word_1_90' title='bbox 239 1034 277 1074; x_wconf 88' lang='lat' dir='ltr'>in</span> <span class='ocrx_word' id='word_1_91' title='bbox 301 1034 324 1074; x_wconf 94' lang='lat' dir='ltr'>l.</span> <span class='ocrx_word' id='word_1_92' title='bbox 338 1046 381 1074; x_wconf 85' lang='lat' dir='ltr'>ex</span> <span class='ocrx_word' id='word_1_93' title='bbox 392 1031 505 1075; x_wconf 67' lang='lat' dir='ltr'>fatto.</span> <span class='ocrx_word' id='word_1_94' title='bbox 520 1042 609 1083; x_wconf 79' lang='lat' dir='ltr'>§.ex</span> <span class='ocrx_word' id='word_1_95' title='bbox 622 1031 735 1072; x_wconf 65' lang='lat' dir='ltr'>facto.</span> <span class='ocrx_word' id='word_1_96' title='bbox 749 1031 786 1072; x_wconf 78' lang='lat' dir='ltr'>ff,</span> <span class='ocrx_word' id='word_1_97' title='bbox 799 1031 847 1072; x_wconf 90' lang='lat' dir='ltr'>ad</span> <span class='ocrx_word' id='word_1_98' title='bbox 862 1031 960 1073; x_wconf 88' lang='lat' dir='ltr'>Tre-</span> 
     </span>
     <span class='ocr_line' id='line_1_17' title="bbox 125 1088 960 1149; baseline 0 -17"><span class='ocrx_word' id='word_1_99' title='bbox 125 1089 319 1146; x_wconf 71' lang='lat' dir='ltr'>belliaper</span> <span class='ocrx_word' id='word_1_100' title='bbox 332 1104 447 1149; x_wconf 87' lang='lat' dir='ltr'>quem</span> <span class='ocrx_word' id='word_1_101' title='bbox 462 1104 602 1133; x_wconf 87' lang='lat' dir='ltr'>textum</span> <span class='ocrx_word' id='word_1_102' title='bbox 627 1090 672 1132; x_wconf 84' lang='lat' dir='ltr'>sic</span> <span class='ocrx_word' id='word_1_103' title='bbox 684 1088 854 1146; x_wconf 78' lang='lat' dir='ltr'>plerique</span> <span class='ocrx_word' id='word_1_104' title='bbox 867 1102 960 1132; x_wconf 87' lang='lat' dir='ltr'>con·</span> 
     </span>
     <span class='ocr_line' id='line_1_18' title="bbox 126 1148 298 1191; baseline 0 0"><span class='ocrx_word' id='word_1_105' title='bbox 126 1148 298 1191; x_wconf 76' lang='lat' dir='ltr'>cludunt.</span> 
     </span>
    </p>

    <p class='ocr_par' dir='ltr' id='par_1_5' title="bbox 123 1205 964 1832">
     <span class='ocr_line' id='line_1_19' title="bbox 184 1205 960 1263; baseline 0.003 -15"><span class='ocrx_word' id='word_1_106' title='bbox 184 1206 273 1263; x_wconf 76' lang='lat' dir='ltr'>Alij</span> <span class='ocrx_word' id='word_1_107' title='bbox 295 1220 387 1250; x_wconf 85' lang='lat' dir='ltr'>vero</span> <span class='ocrx_word' id='word_1_108' title='bbox 405 1219 535 1249; x_wconf 82' lang='lat' dir='ltr'>contra</span> <span class='ocrx_word' id='word_1_109' title='bbox 548 1205 681 1263; x_wconf 72' lang='lat' dir='ltr'>‚quod</span> <span class='ocrx_word' id='word_1_110' title='bbox 705 1206 827 1249; x_wconf 87' lang='lat' dir='ltr'>immo</span> <span class='ocrx_word' id='word_1_111' title='bbox 842 1205 960 1250; x_wconf 87' lang='lat' dir='ltr'>etiam</span> 
     </span>
     <span class='ocr_line' id='line_1_20' title="bbox 128 1264 959 1323; baseline 0 -17"><span class='ocrx_word' id='word_1_112' title='bbox 128 1265 239 1323; x_wconf 74' lang='lat' dir='ltr'>quod</span> <span class='ocrx_word' id='word_1_113' title='bbox 262 1264 328 1306; x_wconf 88' lang='lat' dir='ltr'>lint</span> <span class='ocrx_word' id='word_1_114' title='bbox 348 1265 528 1320; x_wconf 79' lang='lat' dir='ltr'>concepti</span> <span class='ocrx_word' id='word_1_115' title='bbox 549 1265 632 1319; x_wconf 84' lang='lat' dir='ltr'>post</span> <span class='ocrx_word' id='word_1_116' title='bbox 651 1265 959 1318; x_wconf 79' lang='lat' dir='ltr'>deportationem</span> 
     </span>
     <span class='ocr_line' id='line_1_21' title="bbox 126 1321 962 1365; baseline 0 -1"><span class='ocrx_word' id='word_1_117' title='bbox 126 1334 329 1365; x_wconf 68' lang='lat' dir='ltr'>reuocetur</span> <span class='ocrx_word' id='word_1_118' title='bbox 351 1322 588 1364; x_wconf 75' lang='lat' dir='ltr'>donatiotlic</span> <span class='ocrx_word' id='word_1_119' title='bbox 597 1321 684 1363; x_wconf 73' lang='lat' dir='ltr'>sane</span> <span class='ocrx_word' id='word_1_120' title='bbox 705 1322 804 1363; x_wconf 75' lang='lat' dir='ltr'>sensit</span> <span class='ocrx_word' id='word_1_121' title='bbox 821 1322 962 1365; x_wconf 84' lang='lat' dir='ltr'>Bartol.</span> 
     </span>
     <span class='ocr_line' id='line_1_22' title="bbox 129 1377 962 1436; baseline 0 -15"><span class='ocrx_word' id='word_1_122' title='bbox 129 1379 170 1422; x_wconf 85' lang='lat' dir='ltr'>in</span> <span class='ocrx_word' id='word_1_123' title='bbox 179 1380 203 1422; x_wconf 86' lang='lat'>1.</span> <span class='ocrx_word' id='word_1_124' title='bbox 217 1382 352 1436; x_wconf 89' lang='lat' dir='ltr'>prima.</span> <span class='ocrx_word' id='word_1_125' title='bbox 368 1378 404 1423; x_wconf 85' lang='lat' dir='ltr'>ff.</span> <span class='ocrx_word' id='word_1_126' title='bbox 419 1380 469 1422; x_wconf 87' lang='lat' dir='ltr'>de</span> <span class='ocrx_word' id='word_1_127' title='bbox 480 1379 700 1421; x_wconf 88' lang='lat' dir='ltr'>bon.damn.</span> <span class='ocrx_word' id='word_1_128' title='bbox 715 1379 843 1420; x_wconf 77' lang='lat' dir='ltr'>Bolius</span> <span class='ocrx_word' id='word_1_129' title='bbox 854 1377 962 1421; x_wconf 68' lang='lat' dir='ltr'>disto</span> 
     </span>
     <span class='ocr_line' id='line_1_23' title="bbox 127 1435 962 1491; baseline -0.004 -11"><span class='ocrx_word' id='word_1_130' title='bbox 127 1437 292 1485; x_wconf 84' lang='lat' dir='ltr'>loco,&amp;</span> <span class='ocrx_word' id='word_1_131' title='bbox 314 1435 412 1479; x_wconf 87' lang='lat' dir='ltr'>ratio</span> <span class='ocrx_word' id='word_1_132' title='bbox 428 1437 602 1491; x_wconf 78' lang='lat' dir='ltr'>est:qu1&#39;a</span> <span class='ocrx_word' id='word_1_133' title='bbox 624 1436 790 1478; x_wconf 76' lang='lat' dir='ltr'>liliorum</span> <span class='ocrx_word' id='word_1_134' title='bbox 813 1436 962 1481; x_wconf 74' lang='lat' dir='ltr'>interest</span> 
     </span>
     <span class='ocr_line' id='line_1_24' title="bbox 123 1492 964 1550; baseline -0.002 -13"><span class='ocrx_word' id='word_1_135' title='bbox 123 1493 374 1548; x_wconf 76' lang='lat' dir='ltr'>donationem</span> <span class='ocrx_word' id='word_1_136' title='bbox 385 1493 568 1536; x_wconf 85' lang='lat' dir='ltr'>reuocari:</span> <span class='ocrx_word' id='word_1_137' title='bbox 582 1493 672 1550; x_wconf 87' lang='lat' dir='ltr'>quia</span> <span class='ocrx_word' id='word_1_138' title='bbox 682 1494 723 1535; x_wconf 74' lang='grc' dir='ltr'>δι</span> <span class='ocrx_word' id='word_1_139' title='bbox 736 1492 803 1548; x_wconf 77' lang='lat' dir='ltr'>ipsi</span> <span class='ocrx_word' id='word_1_140' title='bbox 813 1492 964 1548; x_wconf 81' lang='lat' dir='ltr'>portio-</span> 
     </span>
     <span class='ocr_line' id='line_1_25' title="bbox 126 1550 962 1595; baseline -0.001 0"><span class='ocrx_word' id='word_1_141' title='bbox 126 1566 214 1595; x_wconf 82' lang='lat' dir='ltr'>nem</span> <span class='ocrx_word' id='word_1_142' title='bbox 227 1552 395 1594; x_wconf 89' lang='lat' dir='ltr'>habituri</span> <span class='ocrx_word' id='word_1_143' title='bbox 406 1550 602 1593; x_wconf 82' lang='lat' dir='ltr'>sunt:vnde</span> <span class='ocrx_word' id='word_1_144' title='bbox 612 1564 632 1591; x_wconf 90' lang='lat' dir='ltr'>a</span> <span class='ocrx_word' id='word_1_145' title='bbox 644 1550 802 1593; x_wconf 75' lang='lat' dir='ltr'>cessante</span> <span class='ocrx_word' id='word_1_146' title='bbox 812 1551 962 1594; x_wconf 87' lang='lat' dir='ltr'>ratione</span> 
     </span>
     <span class='ocr_line' id='line_1_26' title="bbox 126 1607 962 1658; baseline -0.004 -5"><span class='ocrx_word' id='word_1_147' title='bbox 126 1609 430 1658; x_wconf 78' lang='lat' dir='ltr'>corum,finihil</span> <span class='ocrx_word' id='word_1_148' title='bbox 451 1608 620 1650; x_wconf 82' lang='lat' dir='ltr'>habituri</span> <span class='ocrx_word' id='word_1_149' title='bbox 643 1607 780 1656; x_wconf 76' lang='lat' dir='ltr'>essent,</span> <span class='ocrx_word' id='word_1_150' title='bbox 799 1609 962 1651; x_wconf 90' lang='lat' dir='ltr'>donatio</span> 
     </span>
     <span class='ocr_line' id='line_1_27' title="bbox 125 1666 959 1714; baseline -0.001 -5"><span class='ocrx_word' id='word_1_151' title='bbox 125 1681 205 1711; x_wconf 82' lang='lat' dir='ltr'>non</span> <span class='ocrx_word' id='word_1_152' title='bbox 228 1680 469 1709; x_wconf 82' lang='lat' dir='ltr'>reuocaretur</span> <span class='ocrx_word' id='word_1_153' title='bbox 479 1695 491 1714; x_wconf 91' lang='lat'>‚</span> <span class='ocrx_word' id='word_1_154' title='bbox 501 1666 548 1707; x_wconf 82' lang='lat' dir='ltr'>fic</span> <span class='ocrx_word' id='word_1_155' title='bbox 561 1668 600 1706; x_wconf 88' lang='lat' dir='ltr'>in</span> <span class='ocrx_word' id='word_1_156' title='bbox 621 1667 792 1708; x_wconf 84' lang='lat' dir='ltr'>terminis</span> <span class='ocrx_word' id='word_1_157' title='bbox 815 1666 910 1707; x_wconf 65' lang='lat' dir='ltr'>dicti</span> <span class='ocrx_word' id='word_1_158' title='bbox 923 1672 959 1713; x_wconf 64' lang='grc' dir='ltr'>ἓ.</span> 
     </span>
     <span class='ocr_line' id='line_1_28' title="bbox 126 1722 959 1779; baseline 0.001 -13"><span class='ocrx_word' id='word_1_159' title='bbox 126 1739 171 1766; x_wconf 83' lang='lat' dir='ltr'>ex</span> <span class='ocrx_word' id='word_1_160' title='bbox 183 1723 375 1772; x_wconf 64' lang='lat' dir='ltr'>fadiodate</span> <span class='ocrx_word' id='word_1_161' title='bbox 384 1724 520 1779; x_wconf 77' lang='lat' dir='ltr'>scripsit</span> <span class='ocrx_word' id='word_1_162' title='bbox 532 1722 861 1768; x_wconf 81' lang='lat' dir='ltr'>Bart.Soci.conli.</span> <span class='ocrx_word' id='word_1_163' title='bbox 871 1736 916 1771; x_wconf 89' lang='lat'>27</span> <span class='ocrx_word' id='word_1_164' title='bbox 927 1737 959 1776; x_wconf 90' lang='lat'>5.</span> 
     </span>
     <span class='ocr_line' id='line_1_29' title="bbox 124 1782 477 1832; baseline -0.006 -7"><span class='ocrx_word' id='word_1_165' title='bbox 124 1782 300 1832; x_wconf 84' lang='lat' dir='ltr'>nu.15.&amp;</span> <span class='ocrx_word' id='word_1_166' title='bbox 321 1785 427 1824; x_wconf 87' lang='lat' dir='ltr'>16.in</span> <span class='ocrx_word' id='word_1_167' title='bbox 446 1799 477 1824; x_wconf 85' lang='lat'>2.</span> 
     </span>
    </p>

    <p class='ocr_par' dir='ltr' id='par_1_6' title="bbox 117 1839 966 2400">
     <span class='ocr_line' id='line_1_30' title="bbox 177 1839 962 1896; baseline 0.003 -14"><span class='ocrx_word' id='word_1_168' title='bbox 177 1839 256 1882; x_wconf 87' lang='lat' dir='ltr'>Sed</span> <span class='ocrx_word' id='word_1_169' title='bbox 280 1839 344 1884; x_wconf 87' lang='lat' dir='ltr'>hic</span> <span class='ocrx_word' id='word_1_170' title='bbox 368 1839 574 1896; x_wconf 85' lang='lat' dir='ltr'>diligenter</span> <span class='ocrx_word' id='word_1_171' title='bbox 594 1839 871 1884; x_wconf 80' lang='lat' dir='ltr'>aduertendum</span> <span class='ocrx_word' id='word_1_172' title='bbox 890 1841 962 1884; x_wconf 80' lang='lat' dir='ltr'>effe</span> 
     </span>
     <span class='ocr_line' id='line_1_31' title="bbox 127 1897 962 1955; baseline 0.002 -16"><span class='ocrx_word' id='word_1_173' title='bbox 127 1898 364 1939; x_wconf 77' lang='lat' dir='ltr'>censeomam</span> <span class='ocrx_word' id='word_1_174' title='bbox 377 1897 566 1941; x_wconf 81' lang='lat' dir='ltr'>D.Bolius</span> <span class='ocrx_word' id='word_1_175' title='bbox 574 1900 827 1955; x_wconf 76' lang='lat' dir='ltr'>praesupponit</span> <span class='ocrx_word' id='word_1_176' title='bbox 842 1898 962 1941; x_wconf 74' lang='lat' dir='ltr'>dona-</span> 
     </span>
     <span class='ocr_line' id='line_1_32' title="bbox 126 1954 966 2011; baseline 0.004 -15"><span class='ocrx_word' id='word_1_177' title='bbox 126 1954 237 1996; x_wconf 82' lang='lat' dir='ltr'>tione</span> <span class='ocrx_word' id='word_1_178' title='bbox 250 1968 427 1996; x_wconf 86' lang='lat' dir='ltr'>reuocata</span> <span class='ocrx_word' id='word_1_179' title='bbox 449 1955 551 1998; x_wconf 82' lang='lat' dir='ltr'>bona</span> <span class='ocrx_word' id='word_1_180' title='bbox 564 1958 611 1998; x_wconf 85' lang='lat' dir='ltr'>ad</span> <span class='ocrx_word' id='word_1_181' title='bbox 623 1958 750 1999; x_wconf 80' lang='lat' dir='ltr'>fiscum</span> <span class='ocrx_word' id='word_1_182' title='bbox 763 1958 966 2011; x_wconf 83' lang='lat' dir='ltr'>pertinere,</span> 
     </span>
     <span class='ocr_line' id='line_1_33' title="bbox 128 2010 966 2068; baseline 0.008 -18"><span class='ocrx_word' id='word_1_183' title='bbox 128 2011 227 2067; x_wconf 80' lang='lat' dir='ltr'>quali</span> <span class='ocrx_word' id='word_1_184' title='bbox 238 2010 343 2068; x_wconf 86' lang='lat' dir='ltr'>quod</span> <span class='ocrx_word' id='word_1_185' title='bbox 354 2025 374 2052; x_wconf 89' lang='lat' dir='ltr'>a</span> <span class='ocrx_word' id='word_1_186' title='bbox 387 2013 579 2067; x_wconf 87' lang='lat' dir='ltr'>principio</span> <span class='ocrx_word' id='word_1_187' title='bbox 590 2015 653 2055; x_wconf 82' lang='lat' dir='ltr'>fibi</span> <span class='ocrx_word' id='word_1_188' title='bbox 668 2015 807 2056; x_wconf 85' lang='lat' dir='ltr'>donata</span> <span class='ocrx_word' id='word_1_189' title='bbox 824 2015 966 2058; x_wconf 85' lang='lat' dir='ltr'>fuerint</span> 
     </span>
     <span class='ocr_line' id='line_1_34' title="bbox 126 2068 966 2118; baseline 0.004 -7"><span class='ocrx_word' id='word_1_190' title='bbox 126 2068 194 2111; x_wconf 90' lang='lat' dir='ltr'>sub</span> <span class='ocrx_word' id='word_1_191' title='bbox 216 2068 328 2109; x_wconf 87' lang='lat' dir='ltr'>tacita</span> <span class='ocrx_word' id='word_1_192' title='bbox 342 2069 566 2111; x_wconf 78' lang='lat' dir='ltr'>conditione</span> <span class='ocrx_word' id='word_1_193' title='bbox 579 2099 592 2118; x_wconf 92' lang='lat'>‚</span> <span class='ocrx_word' id='word_1_194' title='bbox 608 2071 737 2113; x_wconf 85' lang='lat' dir='ltr'>sifilios</span> <span class='ocrx_word' id='word_1_195' title='bbox 758 2086 837 2113; x_wconf 90' lang='lat' dir='ltr'>non</span> <span class='ocrx_word' id='word_1_196' title='bbox 851 2072 966 2114; x_wconf 77' lang='lat' dir='ltr'>susce-</span> 
     </span>
     <span class='ocr_line' id='line_1_35' title="bbox 117 2126 965 2186; baseline 0.006 -19"><span class='ocrx_word' id='word_1_197' title='bbox 117 2126 354 2186; x_wconf 7' lang='lat' dir='ltr'>&amp;peritzquam</span> <span class='ocrx_word' id='word_1_198' title='bbox 369 2127 524 2184; x_wconf 89' lang='lat' dir='ltr'>quidem</span> <span class='ocrx_word' id='word_1_199' title='bbox 535 2128 799 2170; x_wconf 85' lang='lat' dir='ltr'>conditionem</span> <span class='ocrx_word' id='word_1_200' title='bbox 813 2130 886 2171; x_wconf 80' lang='lat' dir='ltr'>filei</span> <span class='ocrx_word' id='word_1_201' title='bbox 897 2132 965 2171; x_wconf 73' lang='grc' dir='ltr'>εὸ-</span> 
     </span>
     <span class='ocr_line' id='line_1_36' title="bbox 129 2180 962 2241; baseline 0.002 -14"><span class='ocrx_word' id='word_1_202' title='bbox 129 2184 291 2227; x_wconf 86' lang='lat' dir='ltr'>modum</span> <span class='ocrx_word' id='word_1_203' title='bbox 319 2185 469 2237; x_wconf 77' lang='lat' dir='ltr'>operari</span> <span class='ocrx_word' id='word_1_204' title='bbox 491 2180 743 2239; x_wconf 80' lang='lat' dir='ltr'>praesupponit</span> <span class='ocrx_word' id='word_1_205' title='bbox 761 2187 962 2241; x_wconf 80' lang='lat' dir='ltr'>allegando</span> 
     </span>
     <span class='ocr_line' id='line_1_37' title="bbox 128 2240 962 2296; baseline 0.004 -13"><span class='ocrx_word' id='word_1_206' title='bbox 128 2254 211 2283; x_wconf 87' lang='lat' dir='ltr'>not.</span> <span class='ocrx_word' id='word_1_207' title='bbox 225 2244 263 2282; x_wconf 89' lang='lat' dir='ltr'>in</span> <span class='ocrx_word' id='word_1_208' title='bbox 276 2240 300 2282; x_wconf 82' lang='lat' dir='ltr'>l.</span> <span class='ocrx_word' id='word_1_209' title='bbox 325 2241 349 2282; x_wconf 80' lang='lat' dir='ltr'>fi</span> <span class='ocrx_word' id='word_1_210' title='bbox 361 2244 500 2283; x_wconf 78' lang='lat' dir='ltr'>marito</span> <span class='ocrx_word' id='word_1_211' title='bbox 511 2245 551 2282; x_wconf 86' lang='lat' dir='ltr'>in</span> <span class='ocrx_word' id='word_1_212' title='bbox 565 2243 758 2296; x_wconf 86' lang='lat' dir='ltr'>principio</span> <span class='ocrx_word' id='word_1_213' title='bbox 771 2272 781 2289; x_wconf 93' lang='lat'>‚</span> <span class='ocrx_word' id='word_1_214' title='bbox 793 2243 827 2285; x_wconf 80' lang='lat' dir='ltr'>ff.</span> <span class='ocrx_word' id='word_1_215' title='bbox 840 2244 962 2286; x_wconf 86' lang='lat' dir='ltr'>soluto</span> 
     </span>
     <span class='ocr_line' id='line_1_38' title="bbox 129 2299 963 2359; baseline 0.004 -18"><span class='ocrx_word' id='word_1_216' title='bbox 129 2299 368 2343; x_wconf 66' lang='lat' dir='ltr'>matrinia&amp;</span> <span class='ocrx_word' id='word_1_217' title='bbox 383 2300 422 2340; x_wconf 89' lang='lat' dir='ltr'>in</span> <span class='ocrx_word' id='word_1_218' title='bbox 435 2300 459 2341; x_wconf 89' lang='lat' dir='ltr'>l.</span> <span class='ocrx_word' id='word_1_219' title='bbox 466 2300 795 2356; x_wconf 76' lang='lat' dir='ltr'>3.§.illud.ff.quod</span> <span class='ocrx_word' id='word_1_220' title='bbox 806 2300 963 2359; x_wconf 87' lang='lat' dir='ltr'>quisque</span> 
     </span>
     <span class='ocr_line' id='line_1_39' title="bbox 129 2371 202 2400; baseline 0.014 -1"><span class='ocrx_word' id='word_1_221' title='bbox 129 2371 202 2400; x_wconf 74' lang='lat' dir='ltr'>rur.</span> 
     </span>
    </p>

    <p class='ocr_par' dir='ltr' id='par_1_7' title="bbox 127 2414 963 2529">
     <span class='ocr_line' id='line_1_40' title="bbox 186 2414 962 2470; baseline 0.004 -14"><span class='ocrx_word' id='word_1_222' title='bbox 186 2415 286 2470; x_wconf 77' lang='lat' dir='ltr'>Qae</span> <span class='ocrx_word' id='word_1_223' title='bbox 296 2414 381 2457; x_wconf 85' lang='lat' dir='ltr'>sane</span> <span class='ocrx_word' id='word_1_224' title='bbox 401 2415 502 2457; x_wconf 81' lang='lat' dir='ltr'>ratio</span> <span class='ocrx_word' id='word_1_225' title='bbox 522 2415 621 2457; x_wconf 84' lang='lat' dir='ltr'>nihil</span> <span class='ocrx_word' id='word_1_226' title='bbox 640 2415 841 2458; x_wconf 85' lang='lat' dir='ltr'>concludit</span> <span class='ocrx_word' id='word_1_227' title='bbox 853 2430 863 2457; x_wconf 74' lang='grc' dir='ltr'>ε</span> <span class='ocrx_word' id='word_1_228' title='bbox 873 2428 962 2459; x_wconf 88' lang='lat' dir='ltr'>nam</span> 
     </span>
     <span class='ocr_line' id='line_1_41' title="bbox 127 2473 963 2529; baseline 0.001 -14"><span class='ocrx_word' id='word_1_229' title='bbox 127 2473 274 2515; x_wconf 83' lang='lat' dir='ltr'>constat</span> <span class='ocrx_word' id='word_1_230' title='bbox 296 2487 340 2515; x_wconf 88' lang='lat' dir='ltr'>ex</span> <span class='ocrx_word' id='word_1_231' title='bbox 359 2473 569 2515; x_wconf 82' lang='lat' dir='ltr'>donatione</span> <span class='ocrx_word' id='word_1_232' title='bbox 581 2474 800 2515; x_wconf 87' lang='lat' dir='ltr'>dominium</span> <span class='ocrx_word' id='word_1_233' title='bbox 824 2475 866 2514; x_wconf 74' lang='grc' dir='ltr'>δε</span> <span class='ocrx_word' id='word_1_234' title='bbox 877 2473 963 2529; x_wconf 85' lang='lat' dir='ltr'>pos-</span> 
     </span>
    </p>

    <p class='ocr_par' dir='ltr' id='par_1_8' title="bbox 111 2529 969 2994">
     <span class='ocr_line' id='line_1_42' title="bbox 111 2529 962 2575; baseline -0.001 0"><span class='ocrx_word' id='word_1_235' title='bbox 111 2558 118 2568; x_wconf 49' lang='grc' dir='ltr'>ι</span> <span class='ocrx_word' id='word_1_236' title='bbox 128 2530 328 2575; x_wconf 78' lang='lat' dir='ltr'>sessionem</span> <span class='ocrx_word' id='word_1_237' title='bbox 344 2531 399 2572; x_wconf 90' lang='lat' dir='ltr'>rei</span> <span class='ocrx_word' id='word_1_238' title='bbox 411 2529 557 2573; x_wconf 84' lang='lat' dir='ltr'>donatae</span> <span class='ocrx_word' id='word_1_239' title='bbox 570 2533 610 2572; x_wconf 91' lang='lat' dir='ltr'>in</span> <span class='ocrx_word' id='word_1_240' title='bbox 621 2533 791 2574; x_wconf 85' lang='lat' dir='ltr'>donatari</span> <span class='ocrx_word' id='word_1_241' title='bbox 797 2545 861 2574; x_wconf 85' lang='lat' dir='ltr'>um</span> <span class='ocrx_word' id='word_1_242' title='bbox 877 2531 962 2574; x_wconf 71' lang='lat' dir='ltr'>tris·</span> 
     </span>
     <span class='ocr_line' id='line_1_43' title="bbox 129 2586 963 2636; baseline 0 -6"><span class='ocrx_word' id='word_1_243' title='bbox 129 2588 248 2630; x_wconf 87' lang='lat' dir='ltr'>latum</span> <span class='ocrx_word' id='word_1_244' title='bbox 259 2586 365 2629; x_wconf 78' lang='lat' dir='ltr'>fuiffe</span> <span class='ocrx_word' id='word_1_245' title='bbox 378 2616 391 2636; x_wconf 91' lang='lat'><strong><em>,</em></strong></span> <span class='ocrx_word' id='word_1_246' title='bbox 404 2588 553 2630; x_wconf 83' lang='lat' dir='ltr'>idcirco</span> <span class='ocrx_word' id='word_1_247' title='bbox 576 2588 792 2631; x_wconf 85' lang='lat' dir='ltr'>huiusmodi</span> <span class='ocrx_word' id='word_1_248' title='bbox 807 2591 908 2631; x_wconf 88' lang='lat' dir='ltr'>bona</span> <span class='ocrx_word' id='word_1_249' title='bbox 922 2591 963 2630; x_wconf 91' lang='lat' dir='ltr'>in</span> 
     </span>
     <span class='ocr_line' id='line_1_44' title="bbox 127 2645 967 2700; baseline -0.002 -11"><span class='ocrx_word' id='word_1_250' title='bbox 127 2645 442 2689; x_wconf 79' lang='lat' dir='ltr'>confiscationem</span> <span class='ocrx_word' id='word_1_251' title='bbox 466 2661 543 2688; x_wconf 90' lang='lat' dir='ltr'>non</span> <span class='ocrx_word' id='word_1_252' title='bbox 554 2648 711 2689; x_wconf 87' lang='lat' dir='ltr'>veniunt</span> <span class='ocrx_word' id='word_1_253' title='bbox 727 2660 815 2688; x_wconf 89' lang='lat' dir='ltr'>cur-n</span> <span class='ocrx_word' id='word_1_254' title='bbox 829 2647 967 2700; x_wconf 81' lang='lat' dir='ltr'>profui</span> 
     </span>
     <span class='ocr_line' id='line_1_45' title="bbox 132 2702 965 2757; baseline 0 -11"><span class='ocrx_word' id='word_1_255' title='bbox 132 2716 265 2746; x_wconf 82' lang='lat' dir='ltr'>natura</span> <span class='ocrx_word' id='word_1_256' title='bbox 281 2702 331 2743; x_wconf 91' lang='lat' dir='ltr'>ad</span> <span class='ocrx_word' id='word_1_257' title='bbox 356 2702 546 2757; x_wconf 77' lang='lat' dir='ltr'>praesentia</span> <span class='ocrx_word' id='word_1_258' title='bbox 574 2716 722 2745; x_wconf 86' lang='lat' dir='ltr'>tantum</span> <span class='ocrx_word' id='word_1_259' title='bbox 745 2704 931 2746; x_wconf 83' lang='lat' dir='ltr'>reseratur</span> <span class='ocrx_word' id='word_1_260' title='bbox 951 2716 965 2746; x_wconf 72' lang='lat' dir='ltr'>t</span> 
     </span>
     <span class='ocr_line' id='line_1_46' title="bbox 129 2761 965 2816; baseline 0.001 -13"><span class='ocrx_word' id='word_1_261' title='bbox 129 2774 204 2803; x_wconf 81' lang='lat' dir='ltr'>nec</span> <span class='ocrx_word' id='word_1_262' title='bbox 212 2764 326 2802; x_wconf 87' lang='lat' dir='ltr'>tacita</span> <span class='ocrx_word' id='word_1_263' title='bbox 337 2761 403 2802; x_wconf 83' lang='lat' dir='ltr'>illa</span> <span class='ocrx_word' id='word_1_264' title='bbox 413 2761 590 2802; x_wconf 89' lang='lat' dir='ltr'>conditio</span> <span class='ocrx_word' id='word_1_265' title='bbox 610 2774 766 2816; x_wconf 90' lang='lat' dir='ltr'>operatu</span> <span class='ocrx_word' id='word_1_266' title='bbox 772 2777 802 2809; x_wconf 86' lang='lat' dir='ltr'>r,</span> <span class='ocrx_word' id='word_1_267' title='bbox 814 2776 850 2802; x_wconf 90' lang='lat' dir='ltr'>vt</span> <span class='ocrx_word' id='word_1_268' title='bbox 861 2763 965 2804; x_wconf 81' lang='lat' dir='ltr'>secu·</span> 
     </span>
     <span class='ocr_line' id='line_1_47' title="bbox 128 2819 968 2874; baseline 0 -13"><span class='ocrx_word' id='word_1_269' title='bbox 128 2829 170 2861; x_wconf 78' lang='lat' dir='ltr'>ta</span> <span class='ocrx_word' id='word_1_270' title='bbox 191 2821 437 2862; x_wconf 73' lang='lat' dir='ltr'>renotatione</span> <span class='ocrx_word' id='word_1_271' title='bbox 459 2833 526 2874; x_wconf 87' lang='lat' dir='ltr'>per</span> <span class='ocrx_word' id='word_1_272' title='bbox 544 2822 780 2862; x_wconf 72' lang='lat' dir='ltr'>nativitatem</span> <span class='ocrx_word' id='word_1_273' title='bbox 801 2819 968 2862; x_wconf 83' lang='lat' dir='ltr'>filiorum</span> 
     </span>
     <span class='ocr_line' id='line_1_48' title="bbox 133 2876 969 2931; baseline 0.002 -13"><span class='ocrx_word' id='word_1_274' title='bbox 133 2876 529 2931; x_wconf 72' lang='lat' dir='ltr'>postpublicationem</span> <span class='ocrx_word' id='word_1_275' title='bbox 545 2878 647 2919; x_wconf 90' lang='lat' dir='ltr'>bona</span> <span class='ocrx_word' id='word_1_276' title='bbox 669 2877 733 2918; x_wconf 85' lang='lat' dir='ltr'>illa</span> <span class='ocrx_word' id='word_1_277' title='bbox 755 2878 969 2920; x_wconf 83' lang='lat' dir='ltr'>reincidant</span> 
     </span>
     <span class='ocr_line' id='line_1_49' title="bbox 135 2933 965 2994; baseline -0.002 -15"><span class='ocrx_word' id='word_1_278' title='bbox 135 2933 179 2991; x_wconf 73' lang='lat' dir='ltr'>in</span> <span class='ocrx_word' id='word_1_279' title='bbox 188 2933 313 2979; x_wconf 83' lang='lat' dir='ltr'>fiscum</span> <span class='ocrx_word' id='word_1_280' title='bbox 323 2964 336 2986; x_wconf 93' lang='lat'><em>‚</em></span> <span class='ocrx_word' id='word_1_281' title='bbox 345 2946 389 2981; x_wconf 85' lang='lat' dir='ltr'>vt</span> <span class='ocrx_word' id='word_1_282' title='bbox 411 2934 465 2993; x_wconf 83' lang='lat' dir='ltr'>est</span> <span class='ocrx_word' id='word_1_283' title='bbox 486 2933 588 2980; x_wconf 86' lang='lat' dir='ltr'>casus</span> <span class='ocrx_word' id='word_1_284' title='bbox 600 2936 642 2981; x_wconf 84' lang='lat' dir='ltr'>in</span> <span class='ocrx_word' id='word_1_285' title='bbox 652 2934 756 2981; x_wconf 71' lang='lat' dir='ltr'>dicta</span> <span class='ocrx_word' id='word_1_286' title='bbox 769 2935 796 2979; x_wconf 90' lang='lat'>1.</span> <span class='ocrx_word' id='word_1_287' title='bbox 805 2948 863 2980; x_wconf 85' lang='lat' dir='ltr'>res</span> <span class='ocrx_word' id='word_1_288' title='bbox 877 2949 965 2994; x_wconf 76' lang='lat' dir='ltr'>vxo-</span> 
     </span>
    </p>
   </div>
   <div class='ocr_carea' id='block_1_5' title="bbox 1679 128 1808 196">
    <p class='ocr_par' dir='ltr' id='par_1_9' title="bbox 1679 128 1808 196">
     <span class='ocr_line' id='line_1_50' title="bbox 1679 128 1808 196; baseline -0.016 -13"><span class='ocrx_word' id='word_1_289' title='bbox 1679 128 1808 196; x_wconf 50' lang='lat'>285&lt;</span> 
     </span>
    </p>
   </div>
   <div class='ocr_carea' id='block_1_6' title="bbox 1075 223 1920 1707">
    <p class='ocr_par' dir='ltr' id='par_1_10' title="bbox 1075 223 1920 1707">
     <span class='ocr_line' id='line_1_51' title="bbox 1076 223 1913 281; baseline 0.004 -14"><span class='ocrx_word' id='word_1_290' title='bbox 1076 224 1140 267; x_wconf 84' lang='lat' dir='ltr'>ris.</span> <span class='ocrx_word' id='word_1_291' title='bbox 1154 224 1205 266; x_wconf 89' lang='lat' dir='ltr'>Et</span> <span class='ocrx_word' id='word_1_292' title='bbox 1216 226 1255 267; x_wconf 90' lang='lat' dir='ltr'>in</span> <span class='ocrx_word' id='word_1_293' title='bbox 1267 223 1431 268; x_wconf 72' lang='lat' dir='ltr'>d.1.sedfi</span> <span class='ocrx_word' id='word_1_294' title='bbox 1442 238 1553 269; x_wconf 85' lang='lat' dir='ltr'>mors.</span> <span class='ocrx_word' id='word_1_295' title='bbox 1567 233 1604 277; x_wconf 78' lang='lat'>§-</span> <span class='ocrx_word' id='word_1_296' title='bbox 1620 240 1655 270; x_wconf 78' lang='grc' dir='ltr'>ι.</span> <span class='ocrx_word' id='word_1_297' title='bbox 1668 238 1807 281; x_wconf 82' lang='lat' dir='ltr'>nempe</span> <span class='ocrx_word' id='word_1_298' title='bbox 1820 240 1913 270; x_wconf 86' lang='lat' dir='ltr'>con·</span> 
     </span>
     <span class='ocr_line' id='line_1_52' title="bbox 1076 282 1913 342; baseline 0 -17"><span class='ocrx_word' id='word_1_299' title='bbox 1076 282 1145 325; x_wconf 83' lang='lat' dir='ltr'>stat</span> <span class='ocrx_word' id='word_1_300' title='bbox 1170 283 1398 325; x_wconf 80' lang='lat' dir='ltr'>donationes</span> <span class='ocrx_word' id='word_1_301' title='bbox 1425 286 1524 327; x_wconf 88' lang='lat' dir='ltr'>inter</span> <span class='ocrx_word' id='word_1_302' title='bbox 1543 285 1727 342; x_wconf 83' lang='lat' dir='ltr'>coniuges</span> <span class='ocrx_word' id='word_1_303' title='bbox 1753 285 1913 326; x_wconf 80' lang='lat' dir='ltr'>tacitam</span> 
     </span>
     <span class='ocr_line' id='line_1_53' title="bbox 1077 339 1914 386; baseline 0.004 -5"><span class='ocrx_word' id='word_1_304' title='bbox 1077 340 1119 381; x_wconf 85' lang='lat' dir='ltr'>in</span> <span class='ocrx_word' id='word_1_305' title='bbox 1137 339 1191 381; x_wconf 87' lang='lat' dir='ltr'>sui</span> <span class='ocrx_word' id='word_1_306' title='bbox 1217 342 1332 383; x_wconf 86' lang='lat' dir='ltr'>initio</span> <span class='ocrx_word' id='word_1_307' title='bbox 1367 342 1508 386; x_wconf 87' lang='lat' dir='ltr'>habere</span> <span class='ocrx_word' id='word_1_308' title='bbox 1528 343 1796 385; x_wconf 86' lang='lat' dir='ltr'>conditionem</span> <span class='ocrx_word' id='word_1_309' title='bbox 1817 356 1827 382; x_wconf 92' lang='lat'><strong>:</strong></span> <span class='ocrx_word' id='word_1_310' title='bbox 1847 340 1914 384; x_wconf 80' lang='lat' dir='ltr'>nisi</span> 
     </span>
     <span class='ocr_line' id='line_1_54' title="bbox 1075 399 1914 454; baseline 0.006 -15"><span class='ocrx_word' id='word_1_311' title='bbox 1075 400 1267 440; x_wconf 86' lang='lat' dir='ltr'>contraria</span> <span class='ocrx_word' id='word_1_312' title='bbox 1277 399 1472 443; x_wconf 86' lang='lat' dir='ltr'>voluntate</span> <span class='ocrx_word' id='word_1_313' title='bbox 1496 414 1725 443; x_wconf 87' lang='lat' dir='ltr'>reuocentur</span> <span class='ocrx_word' id='word_1_314' title='bbox 1738 415 1749 442; x_wconf 89' lang='grc'>;</span> <span class='ocrx_word' id='word_1_315' title='bbox 1762 402 1914 454; x_wconf 85' lang='lat' dir='ltr'>Qam-</span> 
     </span>
     <span class='ocr_line' id='line_1_55' title="bbox 1075 455 1916 506; baseline 0.007 -12"><span class='ocrx_word' id='word_1_316' title='bbox 1075 455 1210 497; x_wconf 87' lang='lat' dir='ltr'>obrem</span> <span class='ocrx_word' id='word_1_317' title='bbox 1224 455 1405 498; x_wconf 72' lang='lat' dir='ltr'>dicedum</span> <span class='ocrx_word' id='word_1_318' title='bbox 1418 457 1485 506; x_wconf 88' lang='lat' dir='ltr'>est,</span> <span class='ocrx_word' id='word_1_319' title='bbox 1497 458 1558 502; x_wconf 87' lang='lat' dir='ltr'>vel</span> <span class='ocrx_word' id='word_1_320' title='bbox 1568 459 1793 501; x_wconf 79' lang='lat' dir='ltr'>donationes</span> <span class='ocrx_word' id='word_1_321' title='bbox 1803 471 1916 502; x_wconf 84' lang='lat' dir='ltr'>reuo-</span> 
     </span>
     <span class='ocr_line' id='line_1_56' title="bbox 1076 514 1915 571; baseline 0.007 -18"><span class='ocrx_word' id='word_1_322' title='bbox 1076 514 1154 553; x_wconf 89' lang='lat' dir='ltr'>cari</span> <span class='ocrx_word' id='word_1_323' title='bbox 1167 514 1216 554; x_wconf 86' lang='lat' dir='ltr'>ad</span> <span class='ocrx_word' id='word_1_324' title='bbox 1239 515 1492 557; x_wconf 85' lang='lat' dir='ltr'>commodum</span> <span class='ocrx_word' id='word_1_325' title='bbox 1507 515 1705 558; x_wconf 83' lang='lat' dir='ltr'>donatoris</span> <span class='ocrx_word' id='word_1_326' title='bbox 1728 529 1800 571; x_wconf 84' lang='lat' dir='ltr'>pro</span> <span class='ocrx_word' id='word_1_327' title='bbox 1821 516 1915 559; x_wconf 84' lang='lat' dir='ltr'>vtin</span> 
     </span>
     <span class='ocr_line' id='line_1_57' title="bbox 1075 572 1916 621; baseline 0.006 -10"><span class='ocrx_word' id='word_1_328' title='bbox 1075 572 1249 612; x_wconf 88' lang='lat' dir='ltr'>terminis</span> <span class='ocrx_word' id='word_1_329' title='bbox 1260 572 1385 613; x_wconf 86' lang='lat' dir='ltr'>d.l.res</span> <span class='ocrx_word' id='word_1_330' title='bbox 1400 575 1522 614; x_wconf 88' lang='lat' dir='ltr'>vxoris</span> <span class='ocrx_word' id='word_1_331' title='bbox 1534 603 1548 621; x_wconf 89' lang='lat'><em>,</em></span> <span class='ocrx_word' id='word_1_332' title='bbox 1559 574 1602 614; x_wconf 74' lang='grc' dir='ltr'>δε</span> <span class='ocrx_word' id='word_1_333' title='bbox 1611 574 1674 615; x_wconf 89' lang='lat' dir='ltr'>d.l.</span> <span class='ocrx_word' id='word_1_334' title='bbox 1687 573 1749 615; x_wconf 67' lang='lat' dir='ltr'>sed</span> <span class='ocrx_word' id='word_1_335' title='bbox 1762 572 1787 615; x_wconf 83' lang='lat' dir='ltr'>si</span> <span class='ocrx_word' id='word_1_336' title='bbox 1799 586 1916 616; x_wconf 81' lang='lat' dir='ltr'>mors.</span> 
     </span>
     <span class='ocr_line' id='line_1_58' title="bbox 1075 627 1916 683; baseline 0.007 -14"><span class='ocrx_word' id='word_1_337' title='bbox 1075 627 1138 669; x_wconf 87' lang='lat' dir='ltr'>vel</span> <span class='ocrx_word' id='word_1_338' title='bbox 1162 627 1283 681; x_wconf 89' lang='lat' dir='ltr'>potest</span> <span class='ocrx_word' id='word_1_339' title='bbox 1303 628 1381 669; x_wconf 81' lang='lat' dir='ltr'>dict</span> <span class='ocrx_word' id='word_1_340' title='bbox 1395 643 1463 683; x_wconf 84' lang='lat' dir='ltr'>per</span> <span class='ocrx_word' id='word_1_341' title='bbox 1484 631 1724 672; x_wconf 79' lang='lat' dir='ltr'>natiuitatem</span> <span class='ocrx_word' id='word_1_342' title='bbox 1748 631 1916 675; x_wconf 86' lang='lat' dir='ltr'>filiorum</span> 
     </span>
     <span class='ocr_line' id='line_1_59' title="bbox 1075 683 1918 740; baseline 0.006 -16"><span class='ocrx_word' id='word_1_343' title='bbox 1075 684 1160 739; x_wconf 82' lang='lat' dir='ltr'>post</span> <span class='ocrx_word' id='word_1_344' title='bbox 1170 683 1478 739; x_wconf 85' lang='lat' dir='ltr'>deportationem</span> <span class='ocrx_word' id='word_1_345' title='bbox 1507 699 1784 740; x_wconf 87' lang='lat' dir='ltr'>conceptorum</span> <span class='ocrx_word' id='word_1_346' title='bbox 1796 688 1918 729; x_wconf 86' lang='lat' dir='ltr'>dona-</span> 
     </span>
     <span class='ocr_line' id='line_1_60' title="bbox 1080 744 1919 800; baseline 0.007 -19"><span class='ocrx_word' id='word_1_347' title='bbox 1080 754 1203 783; x_wconf 82' lang='lat' dir='ltr'>tiones</span> <span class='ocrx_word' id='word_1_348' title='bbox 1211 755 1289 783; x_wconf 91' lang='lat' dir='ltr'>non</span> <span class='ocrx_word' id='word_1_349' title='bbox 1301 744 1474 785; x_wconf 86' lang='lat' dir='ltr'>reuocari</span> <span class='ocrx_word' id='word_1_350' title='bbox 1477 745 1583 800; x_wconf 87' lang='lat' dir='ltr'>,quia</span> <span class='ocrx_word' id='word_1_351' title='bbox 1592 744 1783 797; x_wconf 76' lang='lat' dir='ltr'>deportati</span> <span class='ocrx_word' id='word_1_352' title='bbox 1805 747 1919 787; x_wconf 88' lang='lat' dir='ltr'>arnit-</span> 
     </span>
     <span class='ocr_line' id='line_1_61' title="bbox 1079 799 1916 858; baseline 0.007 -19"><span class='ocrx_word' id='word_1_353' title='bbox 1079 810 1164 840; x_wconf 88' lang='lat' dir='ltr'>tunt</span> <span class='ocrx_word' id='word_1_354' title='bbox 1185 811 1227 840; x_wconf 88' lang='lat' dir='ltr'>ea</span> <span class='ocrx_word' id='word_1_355' title='bbox 1241 814 1323 854; x_wconf 77' lang='lat' dir='ltr'>quae</span> <span class='ocrx_word' id='word_1_356' title='bbox 1345 799 1426 842; x_wconf 90' lang='lat' dir='ltr'>sunt</span> <span class='ocrx_word' id='word_1_357' title='bbox 1445 801 1538 842; x_wconf 85' lang='lat' dir='ltr'>iuris</span> <span class='ocrx_word' id='word_1_358' title='bbox 1554 800 1681 842; x_wconf 87' lang='lat' dir='ltr'>ciuilis</span> <span class='ocrx_word' id='word_1_359' title='bbox 1691 802 1714 842; x_wconf 91' lang='lat' dir='ltr'>l.</span> <span class='ocrx_word' id='word_1_360' title='bbox 1724 803 1850 858; x_wconf 85' lang='lat' dir='ltr'>prima</span> <span class='ocrx_word' id='word_1_361' title='bbox 1872 802 1916 845; x_wconf 78' lang='grc' dir='ltr'>δι</span> 
     </span>
     <span class='ocr_line' id='line_1_62' title="bbox 1080 855 1919 904; baseline 0.007 -7"><span class='ocrx_word' id='word_1_362' title='bbox 1080 855 1136 897; x_wconf 87' lang='lat' dir='ltr'>ibi</span> <span class='ocrx_word' id='word_1_363' title='bbox 1151 870 1230 899; x_wconf 83' lang='lat' dir='ltr'>not.</span> <span class='ocrx_word' id='word_1_364' title='bbox 1241 857 1289 898; x_wconf 89' lang='lat' dir='ltr'>C.</span> <span class='ocrx_word' id='word_1_365' title='bbox 1306 857 1354 899; x_wconf 87' lang='lat' dir='ltr'>de</span> <span class='ocrx_word' id='word_1_366' title='bbox 1368 858 1493 900; x_wconf 72' lang='lat' dir='ltr'>haered</span> <span class='ocrx_word' id='word_1_367' title='bbox 1515 858 1705 901; x_wconf 85' lang='lat' dir='ltr'>instituen.</span> <span class='ocrx_word' id='word_1_368' title='bbox 1718 860 1919 904; x_wconf 88' lang='lat' dir='ltr'>reuocatio</span> 
     </span>
     <span class='ocr_line' id='line_1_63' title="bbox 1080 915 1917 970; baseline 0.008 -16"><span class='ocrx_word' id='word_1_369' title='bbox 1080 926 1206 956; x_wconf 89' lang='lat' dir='ltr'>autem</span> <span class='ocrx_word' id='word_1_370' title='bbox 1239 915 1461 957; x_wconf 85' lang='lat' dir='ltr'>donationis</span> <span class='ocrx_word' id='word_1_371' title='bbox 1495 915 1549 957; x_wconf 91' lang='lat' dir='ltr'>ob</span> <span class='ocrx_word' id='word_1_372' title='bbox 1577 915 1917 970; x_wconf 76' lang='lat' dir='ltr'>supernascentiam</span> 
     </span>
     <span class='ocr_line' id='line_1_64' title="bbox 1076 971 1917 1018; baseline 0.006 -5"><span class='ocrx_word' id='word_1_373' title='bbox 1076 971 1245 1014; x_wconf 84' lang='lat' dir='ltr'>filiorum</span> <span class='ocrx_word' id='word_1_374' title='bbox 1256 973 1299 1014; x_wconf 85' lang='lat' dir='ltr'>fit</span> <span class='ocrx_word' id='word_1_375' title='bbox 1309 987 1352 1015; x_wconf 87' lang='lat' dir='ltr'>ex</span> <span class='ocrx_word' id='word_1_376' title='bbox 1363 973 1592 1016; x_wconf 61' lang='lat' dir='ltr'>auctoritate</span> <span class='ocrx_word' id='word_1_377' title='bbox 1604 973 1698 1015; x_wconf 89' lang='lat' dir='ltr'>iuris</span> <span class='ocrx_word' id='word_1_378' title='bbox 1716 975 1842 1017; x_wconf 84' lang='lat' dir='ltr'>ciuilis</span> <span class='ocrx_word' id='word_1_379' title='bbox 1855 975 1917 1018; x_wconf 81' lang='lat' dir='ltr'>di-</span> 
     </span>
     <span class='ocr_line' id='line_1_65' title="bbox 1078 1029 1917 1088; baseline 0.008 -20"><span class='ocrx_word' id='word_1_380' title='bbox 1078 1029 1137 1069; x_wconf 67' lang='lat' dir='ltr'>cta</span> <span class='ocrx_word' id='word_1_381' title='bbox 1148 1030 1169 1070; x_wconf 90' lang='lat' dir='ltr'>l.</span> <span class='ocrx_word' id='word_1_382' title='bbox 1181 1029 1207 1072; x_wconf 79' lang='lat' dir='ltr'>si</span> <span class='ocrx_word' id='word_1_383' title='bbox 1217 1044 1384 1088; x_wconf 86' lang='lat' dir='ltr'>vnquam</span> <span class='ocrx_word' id='word_1_384' title='bbox 1398 1045 1408 1071; x_wconf 91' lang='lat'>:</span> <span class='ocrx_word' id='word_1_385' title='bbox 1426 1031 1476 1073; x_wconf 86' lang='lat' dir='ltr'>ad</span> <span class='ocrx_word' id='word_1_386' title='bbox 1490 1030 1568 1071; x_wconf 83' lang='lat' dir='ltr'>haec</span> <span class='ocrx_word' id='word_1_387' title='bbox 1578 1031 1694 1074; x_wconf 76' lang='lat' dir='ltr'>etiam</span> <span class='ocrx_word' id='word_1_388' title='bbox 1718 1044 1792 1076; x_wconf 88' lang='lat' dir='ltr'>tex.</span> <span class='ocrx_word' id='word_1_389' title='bbox 1805 1033 1846 1074; x_wconf 92' lang='lat' dir='ltr'>in</span> <span class='ocrx_word' id='word_1_390' title='bbox 1857 1031 1917 1075; x_wconf 90' lang='lat' dir='ltr'>di-</span> 
     </span>
     <span class='ocr_line' id='line_1_66' title="bbox 1077 1086 1916 1145; baseline 0.008 -18"><span class='ocrx_word' id='word_1_391' title='bbox 1077 1086 1137 1127; x_wconf 66' lang='lat' dir='ltr'>&amp;a</span> <span class='ocrx_word' id='word_1_392' title='bbox 1149 1087 1173 1128; x_wconf 92' lang='lat' dir='ltr'>l.</span> <span class='ocrx_word' id='word_1_393' title='bbox 1192 1101 1235 1129; x_wconf 86' lang='lat' dir='ltr'>ex</span> <span class='ocrx_word' id='word_1_394' title='bbox 1246 1087 1360 1131; x_wconf 76' lang='lat' dir='ltr'>faisto.</span> <span class='ocrx_word' id='word_1_395' title='bbox 1384 1098 1419 1138; x_wconf 65' lang='grc' dir='ltr'>ς.</span> <span class='ocrx_word' id='word_1_396' title='bbox 1439 1102 1483 1131; x_wconf 86' lang='lat' dir='ltr'>ex</span> <span class='ocrx_word' id='word_1_397' title='bbox 1493 1087 1599 1132; x_wconf 62' lang='lat' dir='ltr'>faeie</span> <span class='ocrx_word' id='word_1_398' title='bbox 1610 1102 1621 1129; x_wconf 89' lang='lat'>:</span> <span class='ocrx_word' id='word_1_399' title='bbox 1631 1102 1720 1132; x_wconf 90' lang='lat' dir='ltr'>nam</span> <span class='ocrx_word' id='word_1_400' title='bbox 1733 1090 1757 1132; x_wconf 86' lang='lat' dir='ltr'>fi</span> <span class='ocrx_word' id='word_1_401' title='bbox 1768 1104 1836 1145; x_wconf 87' lang='lat' dir='ltr'>per</span> <span class='ocrx_word' id='word_1_402' title='bbox 1849 1105 1916 1134; x_wconf 85' lang='lat' dir='ltr'>eo·</span> 
     </span>
     <span class='ocr_line' id='line_1_67' title="bbox 1075 1147 1917 1204; baseline 0.006 -18"><span class='ocrx_word' id='word_1_403' title='bbox 1075 1159 1161 1187; x_wconf 88' lang='lat' dir='ltr'>rum</span> <span class='ocrx_word' id='word_1_404' title='bbox 1197 1147 1435 1189; x_wconf 85' lang='lat' dir='ltr'>natiuitatem</span> <span class='ocrx_word' id='word_1_405' title='bbox 1469 1161 1548 1189; x_wconf 90' lang='lat' dir='ltr'>non</span> <span class='ocrx_word' id='word_1_406' title='bbox 1580 1147 1723 1202; x_wconf 84' lang='lat' dir='ltr'>expirat</span> <span class='ocrx_word' id='word_1_407' title='bbox 1752 1147 1917 1204; x_wconf 77' lang='lat' dir='ltr'>expressa</span> 
     </span>
     <span class='ocr_line' id='line_1_68' title="bbox 1076 1202 1920 1264; baseline 0.006 -20"><span class='ocrx_word' id='word_1_408' title='bbox 1076 1202 1271 1254; x_wconf 85' lang='lat' dir='ltr'>conditio,</span> <span class='ocrx_word' id='word_1_409' title='bbox 1282 1204 1306 1245; x_wconf 82' lang='lat' dir='ltr'>fi</span> <span class='ocrx_word' id='word_1_410' title='bbox 1326 1205 1397 1246; x_wconf 85' lang='lat' dir='ltr'>fine</span> <span class='ocrx_word' id='word_1_411' title='bbox 1418 1205 1521 1259; x_wconf 80' lang='lat' dir='ltr'>filijs,</span> <span class='ocrx_word' id='word_1_412' title='bbox 1534 1205 1785 1247; x_wconf 83' lang='lat' dir='ltr'>multominus</span> <span class='ocrx_word' id='word_1_413' title='bbox 1799 1207 1920 1264; x_wconf 85' lang='lat' dir='ltr'>igitur</span> 
     </span>
     <span class='ocr_line' id='line_1_69' title="bbox 1081 1261 1919 1318; baseline 0.006 -17"><span class='ocrx_word' id='word_1_414' title='bbox 1081 1261 1196 1303; x_wconf 88' lang='lat' dir='ltr'>tacita</span> <span class='ocrx_word' id='word_1_415' title='bbox 1221 1262 1403 1304; x_wconf 85' lang='lat' dir='ltr'>conditio</span> <span class='ocrx_word' id='word_1_416' title='bbox 1420 1263 1538 1318; x_wconf 87' lang='lat' dir='ltr'>alege</span> <span class='ocrx_word' id='word_1_417' title='bbox 1561 1265 1601 1304; x_wconf 87' lang='lat' dir='ltr'>in</span> <span class='ocrx_word' id='word_1_418' title='bbox 1623 1264 1821 1305; x_wconf 66' lang='lat' dir='ltr'>contractu</span> <span class='ocrx_word' id='word_1_419' title='bbox 1844 1264 1919 1307; x_wconf 88' lang='lat' dir='ltr'>do-</span> 
     </span>
     <span class='ocr_line' id='line_1_70' title="bbox 1079 1319 1920 1379; baseline 0.005 -19"><span class='ocrx_word' id='word_1_420' title='bbox 1079 1319 1243 1360; x_wconf 86' lang='lat' dir='ltr'>nationis</span> <span class='ocrx_word' id='word_1_421' title='bbox 1263 1320 1539 1362; x_wconf 70' lang='lat' dir='ltr'>subintellecta:</span> <span class='ocrx_word' id='word_1_422' title='bbox 1562 1320 1684 1362; x_wconf 86' lang='lat' dir='ltr'>&amp;ista</span> <span class='ocrx_word' id='word_1_423' title='bbox 1704 1322 1826 1379; x_wconf 87' lang='lat' dir='ltr'>magis</span> <span class='ocrx_word' id='word_1_424' title='bbox 1839 1322 1920 1377; x_wconf 84' lang='lat' dir='ltr'>pla·-</span> 
     </span>
     <span class='ocr_line' id='line_1_71' title="bbox 1078 1377 1917 1433; baseline 0.006 -17"><span class='ocrx_word' id='word_1_425' title='bbox 1078 1388 1157 1417; x_wconf 85' lang='lat' dir='ltr'>cet:</span> <span class='ocrx_word' id='word_1_426' title='bbox 1171 1378 1315 1419; x_wconf 84' lang='lat' dir='ltr'>inutilis</span> <span class='ocrx_word' id='word_1_427' title='bbox 1325 1390 1449 1419; x_wconf 86' lang='lat' dir='ltr'>tamen</span> <span class='ocrx_word' id='word_1_428' title='bbox 1465 1377 1516 1418; x_wconf 91' lang='lat' dir='ltr'>est</span> <span class='ocrx_word' id='word_1_429' title='bbox 1524 1378 1677 1432; x_wconf 78' lang='lat' dir='ltr'>praesens</span> <span class='ocrx_word' id='word_1_430' title='bbox 1687 1378 1894 1433; x_wconf 80' lang='lat' dir='ltr'>disputatio</span> <span class='ocrx_word' id='word_1_431' title='bbox 1905 1395 1917 1421; x_wconf 88' lang='lat'><strong>:</strong></span> 
     </span>
     <span class='ocr_line' id='line_1_72' title="bbox 1079 1433 1918 1490; baseline 0.008 -18"><span class='ocrx_word' id='word_1_432' title='bbox 1079 1434 1169 1489; x_wconf 88' lang='lat' dir='ltr'>quia</span> <span class='ocrx_word' id='word_1_433' title='bbox 1189 1434 1309 1476; x_wconf 88' lang='lat' dir='ltr'>hodie</span> <span class='ocrx_word' id='word_1_434' title='bbox 1326 1433 1606 1490; x_wconf 86' lang='lat' dir='ltr'>deportationis</span> <span class='ocrx_word' id='word_1_435' title='bbox 1627 1447 1744 1490; x_wconf 89' lang='lat' dir='ltr'>poena</span> <span class='ocrx_word' id='word_1_436' title='bbox 1766 1450 1845 1478; x_wconf 91' lang='lat' dir='ltr'>non</span> <span class='ocrx_word' id='word_1_437' title='bbox 1865 1437 1918 1479; x_wconf 89' lang='lat' dir='ltr'>est</span> 
     </span>
     <span class='ocr_line' id='line_1_73' title="bbox 1079 1490 1919 1548; baseline 0.006 -17"><span class='ocrx_word' id='word_1_438' title='bbox 1079 1491 1121 1531; x_wconf 79' lang='lat' dir='ltr'>in</span> <span class='ocrx_word' id='word_1_439' title='bbox 1151 1490 1216 1532; x_wconf 89' lang='lat' dir='ltr'>vsu</span> <span class='ocrx_word' id='word_1_440' title='bbox 1241 1493 1282 1532; x_wconf 73' lang='grc' dir='ltr'>δε</span> <span class='ocrx_word' id='word_1_441' title='bbox 1313 1491 1464 1533; x_wconf 87' lang='lat' dir='ltr'>banniti</span> <span class='ocrx_word' id='word_1_442' title='bbox 1489 1492 1605 1534; x_wconf 87' lang='lat' dir='ltr'>nostri</span> <span class='ocrx_word' id='word_1_443' title='bbox 1631 1494 1817 1548; x_wconf 89' lang='lat' dir='ltr'>temporis</span> <span class='ocrx_word' id='word_1_444' title='bbox 1837 1508 1919 1537; x_wconf 89' lang='lat' dir='ltr'>non</span> 
     </span>
     <span class='ocr_line' id='line_1_74' title="bbox 1078 1549 1920 1600; baseline 0.006 -11"><span class='ocrx_word' id='word_1_445' title='bbox 1078 1549 1258 1590; x_wconf 87' lang='lat' dir='ltr'>amittunt</span> <span class='ocrx_word' id='word_1_446' title='bbox 1290 1549 1373 1591; x_wconf 88' lang='lat' dir='ltr'>iura</span> <span class='ocrx_word' id='word_1_447' title='bbox 1405 1549 1537 1591; x_wconf 88' lang='lat' dir='ltr'>ciuilia</span> <span class='ocrx_word' id='word_1_448' title='bbox 1556 1551 1778 1592; x_wconf 84' lang='lat' dir='ltr'>communia</span> <span class='ocrx_word' id='word_1_449' title='bbox 1795 1580 1809 1600; x_wconf 94' lang='lat'><strong><em>,</em></strong></span> <span class='ocrx_word' id='word_1_450' title='bbox 1828 1551 1920 1594; x_wconf 82' lang='lat' dir='ltr'>sicu·</span> 
     </span>
     <span class='ocr_line' id='line_1_75' title="bbox 1078 1606 1920 1665; baseline 0.008 -18"><span class='ocrx_word' id='word_1_451' title='bbox 1078 1606 1110 1647; x_wconf 90' lang='lat' dir='ltr'>ti</span> <span class='ocrx_word' id='word_1_452' title='bbox 1134 1606 1215 1650; x_wconf 80' lang='lat' dir='ltr'>dixi</span> <span class='ocrx_word' id='word_1_453' title='bbox 1230 1606 1339 1665; x_wconf 87' lang='lat' dir='ltr'>supra</span> <span class='ocrx_word' id='word_1_454' title='bbox 1361 1607 1410 1651; x_wconf 87' lang='lat' dir='ltr'>de</span> <span class='ocrx_word' id='word_1_455' title='bbox 1426 1608 1690 1664; x_wconf 83' lang='lat' dir='ltr'>deportatis&amp;</span> <span class='ocrx_word' id='word_1_456' title='bbox 1714 1608 1763 1651; x_wconf 94' lang='lat' dir='ltr'>de</span> <span class='ocrx_word' id='word_1_457' title='bbox 1783 1608 1920 1654; x_wconf 81' lang='lat' dir='ltr'>banni-</span> 
     </span>
     <span class='ocr_line' id='line_1_76' title="bbox 1078 1676 1146 1707; baseline 0.029 -2"><span class='ocrx_word' id='word_1_458' title='bbox 1078 1676 1146 1707; x_wconf 84' lang='lat' dir='ltr'>tis.</span> 
     </span>
    </p>
   </div>
   <div class='ocr_carea' id='block_1_7' title="bbox 1024 1723 1920 1781">
    <p class='ocr_par' dir='ltr' id='par_1_11' title="bbox 1024 1723 1920 1781">
     <span class='ocr_line' id='line_1_77' title="bbox 1024 1723 1920 1781; baseline 0.006 -16"><span class='ocrx_word' id='word_1_459' title='bbox 1024 1736 1100 1772; x_wconf 88' lang='lat'>150</span> <span class='ocrx_word' id='word_1_460' title='bbox 1141 1723 1218 1766; x_wconf 87' lang='lat' dir='ltr'>Sed</span> <span class='ocrx_word' id='word_1_461' title='bbox 1243 1724 1371 1767; x_wconf 89' lang='lat' dir='ltr'>adhuc</span> <span class='ocrx_word' id='word_1_462' title='bbox 1401 1724 1560 1781; x_wconf 87' lang='lat' dir='ltr'>superest</span> <span class='ocrx_word' id='word_1_463' title='bbox 1589 1725 1718 1770; x_wconf 59' lang='lat' dir='ltr'>notab.¹</span> <span class='ocrx_word' id='word_1_464' title='bbox 1753 1725 1920 1770; x_wconf 79' lang='lat' dir='ltr'>difficul-</span> 
     </span>
    </p>
   </div>
   <div class='ocr_carea' id='block_1_8' title="bbox 1076 1784 1921 2704">
    <p class='ocr_par' dir='ltr' id='par_1_12' title="bbox 1076 1784 1921 2533">
     <span class='ocr_line' id='line_1_78' title="bbox 1079 1784 1921 1843; baseline 0.005 -21"><span class='ocrx_word' id='word_1_465' title='bbox 1079 1795 1135 1823; x_wconf 86' lang='lat' dir='ltr'>tas</span> <span class='ocrx_word' id='word_1_466' title='bbox 1148 1796 1194 1823; x_wconf 89' lang='lat' dir='ltr'>an</span> <span class='ocrx_word' id='word_1_467' title='bbox 1209 1784 1306 1825; x_wconf 85' lang='lat' dir='ltr'>natis</span> <span class='ocrx_word' id='word_1_468' title='bbox 1315 1814 1328 1833; x_wconf 84' lang='lat'>‚</span> <span class='ocrx_word' id='word_1_469' title='bbox 1341 1785 1402 1828; x_wconf 89' lang='lat' dir='ltr'>vel</span> <span class='ocrx_word' id='word_1_470' title='bbox 1422 1789 1620 1840; x_wconf 83' lang='lat' dir='ltr'>conceptis</span> <span class='ocrx_word' id='word_1_471' title='bbox 1630 1786 1717 1843; x_wconf 81' lang='lat' dir='ltr'>filijs</span> <span class='ocrx_word' id='word_1_472' title='bbox 1728 1797 1813 1828; x_wconf 90' lang='lat' dir='ltr'>ante</span> <span class='ocrx_word' id='word_1_473' title='bbox 1825 1798 1921 1827; x_wconf 92' lang='lat' dir='ltr'>con-</span> 
     </span>
     <span class='ocr_line' id='line_1_79' title="bbox 1079 1839 1918 1898; baseline 0.005 -18"><span class='ocrx_word' id='word_1_474' title='bbox 1079 1839 1367 1884; x_wconf 80' lang='lat' dir='ltr'>demnationem</span> <span class='ocrx_word' id='word_1_475' title='bbox 1389 1856 1481 1885; x_wconf 90' lang='lat' dir='ltr'>cum</span> <span class='ocrx_word' id='word_1_476' title='bbox 1510 1843 1771 1898; x_wconf 84' lang='lat' dir='ltr'>publicatione</span> <span class='ocrx_word' id='word_1_477' title='bbox 1793 1842 1918 1885; x_wconf 82' lang='lat' dir='ltr'>bono⁴</span> 
     </span>
     <span class='ocr_line' id='line_1_80' title="bbox 1077 1898 1920 1954; baseline 0.004 -15"><span class='ocrx_word' id='word_1_478' title='bbox 1077 1911 1162 1939; x_wconf 86' lang='lat' dir='ltr'>rum</span> <span class='ocrx_word' id='word_1_479' title='bbox 1185 1926 1198 1946; x_wconf 87' lang='lat'>‚</span> <span class='ocrx_word' id='word_1_480' title='bbox 1218 1898 1322 1939; x_wconf 81' lang='lat' dir='ltr'>fiscus</span> <span class='ocrx_word' id='word_1_481' title='bbox 1337 1899 1455 1954; x_wconf 84' lang='lat' dir='ltr'>possit</span> <span class='ocrx_word' id='word_1_482' title='bbox 1475 1899 1577 1943; x_wconf 87' lang='lat' dir='ltr'>bona</span> <span class='ocrx_word' id='word_1_483' title='bbox 1598 1901 1740 1943; x_wconf 86' lang='lat' dir='ltr'>donata</span> <span class='ocrx_word' id='word_1_484' title='bbox 1762 1899 1920 1942; x_wconf 79' lang='lat' dir='ltr'>inuade-</span> 
     </span>
     <span class='ocr_line' id='line_1_81' title="bbox 1082 1956 1918 2014; baseline 0.005 -18"><span class='ocrx_word' id='word_1_485' title='bbox 1082 1969 1124 1997; x_wconf 84' lang='lat' dir='ltr'>re</span> <span class='ocrx_word' id='word_1_486' title='bbox 1140 1956 1278 1997; x_wconf 80' lang='lat' dir='ltr'>:etiam</span> <span class='ocrx_word' id='word_1_487' title='bbox 1293 1956 1404 2014; x_wconf 90' lang='lat' dir='ltr'>quod</span> <span class='ocrx_word' id='word_1_488' title='bbox 1414 1959 1579 2000; x_wconf 90' lang='lat' dir='ltr'>donator</span> <span class='ocrx_word' id='word_1_489' title='bbox 1595 1960 1756 2014; x_wconf 81' lang='lat' dir='ltr'>expresse</span> <span class='ocrx_word' id='word_1_490' title='bbox 1766 1973 1844 1999; x_wconf 88' lang='lat' dir='ltr'>non</span> <span class='ocrx_word' id='word_1_491' title='bbox 1861 1971 1918 2000; x_wconf 87' lang='lat' dir='ltr'>re-</span> 
     </span>
     <span class='ocr_line' id='line_1_82' title="bbox 1081 2013 1915 2073; baseline 0.005 -20"><span class='ocrx_word' id='word_1_492' title='bbox 1081 2013 1279 2056; x_wconf 87' lang='lat' dir='ltr'>uocauerit</span> <span class='ocrx_word' id='word_1_493' title='bbox 1299 2016 1568 2058; x_wconf 84' lang='lat' dir='ltr'>donationem:</span> <span class='ocrx_word' id='word_1_494' title='bbox 1580 2016 1663 2059; x_wconf 89' lang='lat' dir='ltr'>Pro</span> <span class='ocrx_word' id='word_1_495' title='bbox 1674 2017 1852 2073; x_wconf 85' lang='lat' dir='ltr'>negatiua</span> <span class='ocrx_word' id='word_1_496' title='bbox 1860 2014 1915 2058; x_wconf 87' lang='lat' dir='ltr'>fa-</span> 
     </span>
     <span class='ocr_line' id='line_1_83' title="bbox 1082 2071 1920 2129; baseline 0.002 -17"><span class='ocrx_word' id='word_1_497' title='bbox 1082 2071 1139 2112; x_wconf 86' lang='lat' dir='ltr'>cit</span> <span class='ocrx_word' id='word_1_498' title='bbox 1163 2072 1265 2113; x_wconf 89' lang='lat' dir='ltr'>ratio</span> <span class='ocrx_word' id='word_1_499' title='bbox 1289 2073 1409 2129; x_wconf 90' lang='lat' dir='ltr'>:quia</span> <span class='ocrx_word' id='word_1_500' title='bbox 1433 2073 1595 2116; x_wconf 86' lang='lat' dir='ltr'>donatio</span> <span class='ocrx_word' id='word_1_501' title='bbox 1619 2088 1696 2116; x_wconf 86' lang='lat' dir='ltr'>non</span> <span class='ocrx_word' id='word_1_502' title='bbox 1717 2083 1920 2116; x_wconf 82' lang='lat' dir='ltr'>reuocatur</span> 
     </span>
     <span class='ocr_line' id='line_1_84' title="bbox 1080 2129 1919 2173; baseline 0.005 -4"><span class='ocrx_word' id='word_1_503' title='bbox 1080 2129 1148 2170; x_wconf 86' lang='lat' dir='ltr'>nisi</span> <span class='ocrx_word' id='word_1_504' title='bbox 1186 2130 1393 2171; x_wconf 85' lang='lat' dir='ltr'>accedente</span> <span class='ocrx_word' id='word_1_505' title='bbox 1432 2130 1690 2173; x_wconf 85' lang='lat' dir='ltr'>declaratione</span> <span class='ocrx_word' id='word_1_506' title='bbox 1719 2130 1919 2173; x_wconf 78' lang='lat' dir='ltr'>donatoris</span> 
     </span>
     <span class='ocr_line' id='line_1_85' title="bbox 1078 2185 1916 2245; baseline 0.004 -17"><span class='ocrx_word' id='word_1_507' title='bbox 1078 2185 1185 2242; x_wconf 84' lang='lat' dir='ltr'>Ripa</span> <span class='ocrx_word' id='word_1_508' title='bbox 1205 2186 1301 2228; x_wconf 63' lang='lat' dir='ltr'>dist</span> <span class='ocrx_word' id='word_1_509' title='bbox 1315 2188 1375 2230; x_wconf 84' lang='lat' dir='ltr'>1.fi</span> <span class='ocrx_word' id='word_1_510' title='bbox 1391 2201 1549 2244; x_wconf 82' lang='lat' dir='ltr'>vnquam</span> <span class='ocrx_word' id='word_1_511' title='bbox 1571 2187 1692 2245; x_wconf 79' lang='lat' dir='ltr'>quaest.</span> <span class='ocrx_word' id='word_1_512' title='bbox 1715 2204 1781 2237; x_wconf 85' lang='lat'>41.</span> <span class='ocrx_word' id='word_1_513' title='bbox 1813 2187 1916 2231; x_wconf 88' lang='lat' dir='ltr'>Item</span> 
     </span>
     <span class='ocr_line' id='line_1_86' title="bbox 1078 2244 1915 2288; baseline 0.004 -3"><span class='ocrx_word' id='word_1_514' title='bbox 1078 2244 1152 2285; x_wconf 88' lang='lat' dir='ltr'>tale</span> <span class='ocrx_word' id='word_1_515' title='bbox 1171 2245 1230 2285; x_wconf 86' lang='lat' dir='ltr'>ius</span> <span class='ocrx_word' id='word_1_516' title='bbox 1253 2244 1461 2286; x_wconf 88' lang='lat' dir='ltr'>reuocandi</span> <span class='ocrx_word' id='word_1_517' title='bbox 1483 2259 1560 2287; x_wconf 83' lang='lat' dir='ltr'>non</span> <span class='ocrx_word' id='word_1_518' title='bbox 1580 2245 1705 2287; x_wconf 80' lang='lat' dir='ltr'>transit</span> <span class='ocrx_word' id='word_1_519' title='bbox 1725 2245 1775 2287; x_wconf 86' lang='lat' dir='ltr'>ad</span> <span class='ocrx_word' id='word_1_520' title='bbox 1798 2246 1915 2288; x_wconf 78' lang='lat' dir='ltr'>haese-</span> 
     </span>
     <span class='ocr_line' id='line_1_87' title="bbox 1078 2300 1913 2360; baseline 0.005 -18"><span class='ocrx_word' id='word_1_521' title='bbox 1078 2300 1144 2342; x_wconf 83' lang='lat' dir='ltr'>des</span> <span class='ocrx_word' id='word_1_522' title='bbox 1163 2300 1265 2355; x_wconf 83' lang='lat' dir='ltr'>Ripa</span> <span class='ocrx_word' id='word_1_523' title='bbox 1276 2301 1358 2355; x_wconf 89' lang='lat' dir='ltr'>post</span> <span class='ocrx_word' id='word_1_524' title='bbox 1368 2302 1493 2355; x_wconf 87' lang='lat' dir='ltr'>plures</span> <span class='ocrx_word' id='word_1_525' title='bbox 1510 2302 1565 2344; x_wconf 88' lang='lat' dir='ltr'>ibi</span> <span class='ocrx_word' id='word_1_526' title='bbox 1579 2302 1699 2359; x_wconf 78' lang='lat' dir='ltr'>quaest.</span> <span class='ocrx_word' id='word_1_527' title='bbox 1715 2319 1779 2351; x_wconf 87' lang='lat'>42.</span> <span class='ocrx_word' id='word_1_528' title='bbox 1793 2303 1913 2360; x_wconf 78' lang='lat' dir='ltr'>igitur</span> 
     </span>
     <span class='ocr_line' id='line_1_88' title="bbox 1076 2357 1913 2457; baseline 0.006 -58"><span class='ocrx_word' id='word_1_529' title='bbox 1076 2371 1147 2457; x_wconf 57' lang='lat' dir='ltr'>get</span> <span class='ocrx_word' id='word_1_530' title='bbox 1159 2361 1199 2399; x_wconf 89' lang='lat' dir='ltr'>in</span> <span class='ocrx_word' id='word_1_531' title='bbox 1209 2357 1335 2401; x_wconf 85' lang='lat' dir='ltr'>fiscum</span> <span class='ocrx_word' id='word_1_532' title='bbox 1348 2360 1416 2416; x_wconf 85' lang='lat' dir='ltr'>qui</span> <span class='ocrx_word' id='word_1_533' title='bbox 1427 2361 1552 2403; x_wconf 85' lang='lat' dir='ltr'>minus</span> <span class='ocrx_word' id='word_1_534' title='bbox 1564 2361 1659 2404; x_wconf 84' lang='lat' dir='ltr'>iuris</span> <span class='ocrx_word' id='word_1_535' title='bbox 1670 2361 1785 2403; x_wconf 88' lang='lat' dir='ltr'>habet</span> <span class='ocrx_word' id='word_1_536' title='bbox 1796 2375 1913 2419; x_wconf 81' lang='lat' dir='ltr'>quam</span> 
     </span>
     <span class='ocr_line' id='line_1_89' title="bbox 1130 2429 1208 2457; baseline -0.026 0"><span class='ocrx_word' id='word_1_537' title='bbox 1130 2429 1187 2457; x_wconf 80' lang='lat' dir='ltr'>res</span> <span class='ocrx_word' id='word_1_538' title='bbox 1198 2444 1208 2455; x_wconf 84' lang='lat'>.</span> 
     </span>
     <span class='ocr_line' id='line_1_90' title="bbox 1106 2428 1904 2533; baseline 0.008 -19"><span class='ocrx_word' id='word_1_539' title='bbox 1106 2428 1281 2515; x_wconf 62' lang='lat' dir='ltr'>5Contra</span> <span class='ocrx_word' id='word_1_540' title='bbox 1294 2472 1488 2533; x_wconf 71' lang='lat' dir='ltr'>facitzquia</span> <span class='ocrx_word' id='word_1_541' title='bbox 1497 2491 1566 2533; x_wconf 83' lang='lat' dir='ltr'>per</span> <span class='ocrx_word' id='word_1_542' title='bbox 1574 2476 1810 2520; x_wconf 88' lang='lat' dir='ltr'>natiuitatem</span> <span class='ocrx_word' id='word_1_543' title='bbox 1821 2475 1904 2520; x_wconf 87' lang='lat' dir='ltr'>filio</span> 
     </span>
    </p>

    <p class='ocr_par' dir='ltr' id='par_1_13' title="bbox 1079 2531 1914 2704">
     <span class='ocr_line' id='line_1_91' title="bbox 1079 2531 1914 2588; baseline 0.004 -14"><span class='ocrx_word' id='word_1_544' title='bbox 1079 2544 1165 2574; x_wconf 76' lang='lat' dir='ltr'>tum</span> <span class='ocrx_word' id='word_1_545' title='bbox 1177 2531 1340 2574; x_wconf 87' lang='lat' dir='ltr'>donatio</span> <span class='ocrx_word' id='word_1_546' title='bbox 1354 2533 1436 2588; x_wconf 85' lang='lat' dir='ltr'>ipso</span> <span class='ocrx_word' id='word_1_547' title='bbox 1447 2535 1530 2577; x_wconf 67' lang='lat' dir='ltr'>i‘ure</span> <span class='ocrx_word' id='word_1_548' title='bbox 1548 2548 1750 2578; x_wconf 83' lang='lat' dir='ltr'>reuocatur</span> <span class='ocrx_word' id='word_1_549' title='bbox 1761 2536 1860 2577; x_wconf 88' lang='lat' dir='ltr'>adeo</span> <span class='ocrx_word' id='word_1_550' title='bbox 1872 2546 1914 2577; x_wconf 85' lang='lat' dir='ltr'>vt</span> 
     </span>
     <span class='ocr_line' id='line_1_92' title="bbox 1079 2589 1910 2650; baseline 0.006 -20"><span class='ocrx_word' id='word_1_551' title='bbox 1079 2589 1297 2632; x_wconf 87' lang='lat' dir='ltr'>dominium</span> <span class='ocrx_word' id='word_1_552' title='bbox 1309 2603 1412 2634; x_wconf 87' lang='lat' dir='ltr'>retro</span> <span class='ocrx_word' id='word_1_553' title='bbox 1423 2593 1638 2650; x_wconf 85' lang='lat' dir='ltr'>acquiratur</span> <span class='ocrx_word' id='word_1_554' title='bbox 1648 2593 1827 2637; x_wconf 84' lang='lat' dir='ltr'>donatori</span> <span class='ocrx_word' id='word_1_555' title='bbox 1835 2592 1910 2637; x_wconf 83' lang='lat' dir='ltr'>Ri-</span> 
     </span>
     <span class='ocr_line' id='line_1_93' title="bbox 1081 2646 1367 2704; baseline 0.01 -15"><span class='ocrx_word' id='word_1_556' title='bbox 1081 2647 1181 2701; x_wconf 87' lang='lat' dir='ltr'>pain</span> <span class='ocrx_word' id='word_1_557' title='bbox 1195 2646 1367 2704; x_wconf 82' lang='lat' dir='ltr'>d.1.q.45.</span> 
     </span>
    </p>
   </div>
   <div class='ocr_carea' id='block_1_9' title="bbox 1028 2703 1914 2763">
    <p class='ocr_par' dir='ltr' id='par_1_14' title="bbox 1028 2703 1914 2763">
     <span class='ocr_line' id='line_1_94' title="bbox 1028 2703 1914 2763; baseline 0.003 -17"><span class='ocrx_word' id='word_1_558' title='bbox 1028 2719 1044 2746; x_wconf 84' lang='lat'>1</span> <span class='ocrx_word' id='word_1_559' title='bbox 1057 2718 1073 2755; x_wconf 72' lang='grc' dir='ltr'><strong>ς</strong></span> <span class='ocrx_word' id='word_1_560' title='bbox 1086 2720 1098 2745; x_wconf 87' lang='lat'>1</span> <span class='ocrx_word' id='word_1_561' title='bbox 1136 2703 1317 2748; x_wconf 82' lang='lat' dir='ltr'>Secundo</span> <span class='ocrx_word' id='word_1_562' title='bbox 1328 2705 1419 2763; x_wconf 86' lang='lat' dir='ltr'>quia</span> <span class='ocrx_word' id='word_1_563' title='bbox 1427 2709 1633 2751; x_wconf 85' lang='lat' dir='ltr'>creditores</span> <span class='ocrx_word' id='word_1_564' title='bbox 1645 2708 1842 2753; x_wconf 83' lang='lat' dir='ltr'>donatoris</span> <span class='ocrx_word' id='word_1_565' title='bbox 1856 2707 1914 2750; x_wconf 82' lang='lat' dir='ltr'>su-</span> 
     </span>
    </p>
   </div>
   <div class='ocr_carea' id='block_1_10' title="bbox 1081 2763 1914 3056">
    <p class='ocr_par' dir='ltr' id='par_1_15' title="bbox 1081 2763 1914 3056">
     <span class='ocr_line' id='line_1_95' title="bbox 1081 2763 1914 2821; baseline 0.004 -17"><span class='ocrx_word' id='word_1_566' title='bbox 1081 2776 1148 2817; x_wconf 86' lang='lat' dir='ltr'>per</span> <span class='ocrx_word' id='word_1_567' title='bbox 1170 2763 1279 2804; x_wconf 87' lang='lat' dir='ltr'>rebus</span> <span class='ocrx_word' id='word_1_568' title='bbox 1302 2763 1453 2807; x_wconf 88' lang='lat' dir='ltr'>donatis</span> <span class='ocrx_word' id='word_1_569' title='bbox 1475 2767 1602 2809; x_wconf 86' lang='lat' dir='ltr'>inuito</span> <span class='ocrx_word' id='word_1_570' title='bbox 1622 2767 1808 2810; x_wconf 82' lang='lat' dir='ltr'>donatore</span> <span class='ocrx_word' id='word_1_571' title='bbox 1830 2764 1914 2821; x_wconf 85' lang='lat' dir='ltr'>pos-</span> 
     </span>
     <span class='ocr_line' id='line_1_96' title="bbox 1081 2820 1912 2867; baseline 0.002 -6"><span class='ocrx_word' id='word_1_572' title='bbox 1081 2820 1163 2862; x_wconf 75' lang='lat' dir='ltr'>fiint</span> <span class='ocrx_word' id='word_1_573' title='bbox 1174 2820 1343 2864; x_wconf 69' lang='lat' dir='ltr'>afflones</span> <span class='ocrx_word' id='word_1_574' title='bbox 1360 2822 1438 2864; x_wconf 82' lang='lat' dir='ltr'>suas</span> <span class='ocrx_word' id='word_1_575' title='bbox 1448 2838 1491 2866; x_wconf 81' lang='lat' dir='ltr'>ex</span> <span class='ocrx_word' id='word_1_576' title='bbox 1505 2828 1539 2865; x_wconf 90' lang='lat' dir='ltr'>vi</span> <span class='ocrx_word' id='word_1_577' title='bbox 1563 2826 1768 2867; x_wconf 82' lang='lat' dir='ltr'>retranslati</span> <span class='ocrx_word' id='word_1_578' title='bbox 1783 2823 1912 2865; x_wconf 86' lang='lat' dir='ltr'>domi-</span> 
     </span>
     <span class='ocr_line' id='line_1_97' title="bbox 1084 2878 1913 2934; baseline 0.002 -16"><span class='ocrx_word' id='word_1_579' title='bbox 1084 2878 1122 2919; x_wconf 87' lang='lat' dir='ltr'>ni</span> <span class='ocrx_word' id='word_1_580' title='bbox 1126 2879 1140 2934; x_wconf 86' lang='lat' dir='ltr'><strong>j</strong></span> <span class='ocrx_word' id='word_1_581' title='bbox 1151 2891 1321 2921; x_wconf 84' lang='lat' dir='ltr'>exercere</span> <span class='ocrx_word' id='word_1_582' title='bbox 1334 2908 1346 2928; x_wconf 87' lang='lat'>,</span> <span class='ocrx_word' id='word_1_583' title='bbox 1360 2881 1447 2922; x_wconf 84' lang='lat' dir='ltr'>ficut</span> <span class='ocrx_word' id='word_1_584' title='bbox 1458 2883 1572 2924; x_wconf 88' lang='lat' dir='ltr'>etiam</span> <span class='ocrx_word' id='word_1_585' title='bbox 1587 2885 1627 2923; x_wconf 87' lang='lat' dir='ltr'>in</span> <span class='ocrx_word' id='word_1_586' title='bbox 1637 2883 1750 2925; x_wconf 82' lang='lat' dir='ltr'>bonis</span> <span class='ocrx_word' id='word_1_587' title='bbox 1773 2879 1913 2922; x_wconf 82' lang='lat' dir='ltr'>debitis</span> 
     </span>
     <span class='ocr_line' id='line_1_98' title="bbox 1082 2935 1910 3040; baseline -0.002 -58"><span class='ocrx_word' id='word_1_588' title='bbox 1082 2935 1162 2982; x_wconf 79' lang='lat' dir='ltr'>filio</span> <span class='ocrx_word' id='word_1_589' title='bbox 1173 2950 1246 2996; x_wconf 82' lang='lat' dir='ltr'>pro</span> <span class='ocrx_word' id='word_1_590' title='bbox 1256 2937 1430 2996; x_wconf 80' lang='lat' dir='ltr'>legitima</span> <span class='ocrx_word' id='word_1_591' title='bbox 1440 2968 1455 2994; x_wconf 91' lang='lat'><em>,</em></span> <span class='ocrx_word' id='word_1_592' title='bbox 1467 2940 1557 2999; x_wconf 81' lang='lat' dir='ltr'>quia</span> <span class='ocrx_word' id='word_1_593' title='bbox 1568 2939 1651 3000; x_wconf 82' lang='lat' dir='ltr'>ipso</span> <span class='ocrx_word' id='word_1_594' title='bbox 1660 2941 1742 2982; x_wconf 86' lang='lat' dir='ltr'>iure</span> <span class='ocrx_word' id='word_1_595' title='bbox 1750 2938 1910 3040; x_wconf 51' lang='lat' dir='ltr'>{flnctus-</span> 
     </span>
     <span class='ocr_line' id='line_1_99' title="bbox 1704 3008 1856 3056; baseline 0.013 -18"><span class='ocrx_word' id='word_1_596' title='bbox 1704 3010 1755 3056; x_wconf 79' lang='lat' dir='ltr'>po</span> <span class='ocrx_word' id='word_1_597' title='bbox 1787 3008 1856 3041; x_wconf 79' lang='lat' dir='ltr'>unt</span> 
     </span>
    </p>
   </div>
  </div>
 </body>
</html>
