2372 3308
149 2739 201 2775 40

839 127 1038 202 Liber
1059 133 1313 199 Sextus.

219 253 346 296 taliter
389 252 644 309 hypothecata
682 247 765 291 iura
798 246 839 289 δε
881 246 1054 290 actiones

218 306 274 354 sui
298 312 509 359 debitoris,
534 309 636 351 &ad
649 321 736 351 text.
750 308 789 348 in
810 306 847 348 d.
860 307 882 347 l.
899 307 966 361 qui
986 319 1051 348 au-

220 384 297 413 tem
322 370 524 425 respondet
544 384 553 410 :
581 366 791 424 procedere
814 366 854 406 in
882 364 1049 407 credito-

218 444 260 471 re
272 426 555 486 chirografario
571 455 583 475 ‚
593 427 634 467 δε
648 426 729 467 eius
749 422 851 464 dista
862 424 1050 478 probauit

218 487 446 530 Soc.sen.seu
461 483 686 528 d.Franc.de
701 483 825 537 Peppi
837 481 939 537 apud
957 497 1044 523 eum

218 547 373 588 confilio
389 552 452 591 76.
468 545 505 584 in
522 559 556 592 4.
574 542 641 584 vbi
659 543 698 584 in
713 540 818 584 causa
843 540 944 583 dotis
960 539 1045 584 Ne-

213 603 393 660 gusan.de
409 603 562 658 pignor.
577 601 615 642 in
633 618 666 651 4.
682 613 787 656 parte
800 615 835 647 4.
847 600 963 655 partis
977 614 1045 641 nu·

212 676 324 704 mero
351 662 469 712 33.&
491 660 557 715 alij
582 660 692 702 relati
719 674 786 715 per
813 658 1056 700 Socin.iun.·

214 719 371 763 consilio
397 737 411 762 1
427 735 484 769 24·
503 720 544 760 in
576 733 612 770 3.
634 731 800 761 attamen
822 717 1042 758 communis

213 778 438 821 Doctorum
449 777 658 820 conclusio..
673 776 756 832 post
769 776 898 816 Barto.
912 775 955 815 δι’
969 775 1022 816 ΑΙ
1031 797 1040 805 -

213 837 293 880 ber.
306 838 345 879 in
357 838 392 880 d.
406 838 428 880 l.
444 838 482 878 in
499 835 738 878 f1·audem.est
754 848 795 876 vt
818 833 922 874 aliud
942 832 983 873 fit
1000 834 1040 873 in

213 896 306 939 fisco
329 895 433 938 aliud
457 896 496 936 in
515 895 667 948 priuato
693 892 797 934 sicuti
824 892 904 932 dixi
934 890 1041 945 supra

213 956 255 997 in
270 955 350 996 titu.
368 956 416 995 de
430 951 570 1009 public.
583 951 702 993 bono.
715 963 877 992 nurnero
896 966 909 991 1
921 965 984 1000 90.
997 950 1040 990 δε

213 1014 351 1055 text.in
370 1013 440 1054 d.l.
456 1011 524 1069 qui
548 1023 701 1051 autem:
727 1010 857 1050 locum
882 1022 1039 1066 quoque

213 1071 353 1113 habere
368 1071 406 1112 in
419 1081 574 1126 priuato
592 1068 785 1110 creditore
799 1067 1039 1122 hypotheca·

212 1132 273 1172 rio
286 1160 298 1179 ,
317 1130 364 1172 fic
377 1128 482 1184 Ripa
494 1128 534 1169 in
549 1127 571 1170 l.
589 1143 622 1168 1.
635 1140 796 1170 numero
819 1139 854 1172 7.
869 1124 904 1168 ff.
917 1125 965 1166 de
979 1126 1040 1181 pi-

211 1188 396 1245 gnor.vbi
414 1200 538 1229 tamen
555 1185 680 1243 inquit
700 1198 879 1242 magnam
893 1183 964 1226 esse
975 1197 1040 1225 au-

211 1247 428 1289 ctoritatem
456 1244 561 1287 Petr.
585 1244 635 1286 de
658 1244 882 1287 Ancharan.
898 1243 984 1285 Bos.
1001 1245 1040 1284 in

209 1305 294 1347 ritu.
311 1305 360 1347 de
377 1304 519 1360 public.
532 1303 623 1344 bon.
639 1316 802 1344 numero
831 1316 890 1351 29.
907 1300 1040 1343 Socin.

204 1364 271 1406 iun
299 1363 407 1406 dicto
420 1362 546 1405 confi.1
560 1378 574 1404 1
590 1361 727 1410 24.vbi
750 1361 849 1402 hanc
871 1359 1040 1403 latiffime

205 1423 387 1464 tuetur&
398 1421 563 1464 contrari
568 1422 598 1476 js
609 1419 827 1474 respondet.

153 1506 206 1543 39
269 1480 416 1523 Saluari
440 1493 567 1521 tamen
590 1477 711 1534 poffet
731 1475 924 1520 conclusio
952 1476 1037 1518 An-

207 1538 419 1581 charan.‘in
443 1536 592 1578 iuribus
610 1536 766 1584 delatis,
790 1549 872 1592 quae
886 1548 929 1576 ex
951 1534 1036 1590 lege

204 1596 289 1652 ipso
313 1598 395 1639 iure
419 1596 668 1653 acquiruntur
692 1594 810 1637 veluti
824 1594 864 1635 in
887 1589 1033 1648 supple-

205 1668 340 1698 mento
364 1656 544 1711 legitimae
555 1653 602 1694 ad
620 1665 706 1694 text.
719 1653 759 1694 in
773 1652 795 1694 l.
811 1653 958 1693 scimus.
980 1650 1030 1694 C.

205 1715 255 1756 de
281 1712 424 1755 inoffic.
435 1712 576 1754 testam.
591 1711 699 1752 &ita
713 1710 752 1752 in
768 1709 1031 1765 supplemento

204 1772 382 1828 legitime
396 1801 409 1819 ,
423 1784 461 1813 vt
477 1784 544 1825 per
565 1770 685 1816 filium
700 1769 739 1809 in
760 1768 1029 1824 praeiudicium

204 1830 408 1873 creditoris
428 1828 569 1885 priuati
585 1827 853 1882 hypothecarij
869 1826 1030 1881 repudia

204 1890 238 1932 ri
251 1902 414 1947 nequeat
426 1887 524 1931 vltra
547 1886 770 1928 Ancharan.
781 1883 941 1926 tradidit
956 1885 1029 1927 Fa·

204 1946 308 1988 bian.
320 1948 359 1988 in
375 1961 454 2002 rep.
471 1944 642 1987 Anthen.
653 1942 850 1985 nouissima
860 1972 873 1989 ,
883 1943 1025 1997 colum.

208 2021 223 2046 1
239 2005 323 2054 5-C.
339 2004 387 2046 de
398 2002 539 2047 inoffic.
553 2002 695 2044 testam.
705 2002 746 2042 &
760 2002 797 2044 d.
813 2001 917 2056 Ripa
930 2002 1021 2043 loco

203 2061 441 2118 praeallegato
454 2091 466 2110 ‚
488 2062 528 2102 in
553 2059 724 2116 legitima
742 2062 871 2101 autem
885 2058 1022 2115 plenis-

203 2121 291 2164 fime
301 2118 487 2163 consuluit
500 2119 605 2161 Clar.
617 2117 1019 2159 D-Menoch.confilio

203 2194 226 2227 7
237 2194 269 2226 7.
284 2192 350 2234 per
362 2191 484 2221 totum
500 2206 513 2226 ‚
527 2175 595 2220 vbi
609 2184 734 2217 tamen
747 2174 849 2221 secus
866 2174 1021 2218 videtur

202 2238 339 2281 sentire
364 2237 404 2278 in
426 2235 688 2292 supplemento
707 2233 908 2291 legitimae.
929 2231 1018 2289 Ego

202 2308 331 2339 autem
347 2309 424 2337 non
434 2293 651 2338 recederem
666 2304 687 2332 a
698 2293 872 2346 priorum
885 2291 1018 2333 aueto-

204 2353 384 2398 ritatibus
405 2354 522 2395 etiam
547 2354 586 2393 in
601 2349 929 2406 supplemento.Et
939 2349 963 2390 fi
975 2350 1016 2391 in

202 2412 453 2458 instrumento
485 2410 639 2458 debitor
662 2407 825 2463 expresse
864 2407 1026 2463 obligas-

201 2472 255 2515 set
271 2471 403 2513 omnia
416 2469 518 2512 bona
531 2468 751 2516 sua‚iura,&
764 2465 934 2508 actiones
950 2479 1026 2520 prae

201 2530 319 2572 sentia
331 2529 373 2570 δε
389 2528 516 2570 futura
533 2527 663 2569 Anch.
674 2525 815 2580 opinio
841 2524 960 2566 tutior
970 2523 1024 2565 es-

201 2587 255 2631 set
293 2601 339 2631 ex
360 2587 401 2630 vi
433 2586 536 2629 illius
572 2583 824 2643 obligationis
858 2596 1025 2624 conuen-

203 2645 381 2688 tionalis.

260 2703 422 2760 Amplia
434 2716 515 2760 quae
539 2700 621 2744 dixi
645 2701 693 2744 de
707 2700 793 2744 fisco
808 2729 822 2748 ,
843 2711 1025 2754 vtproce-

202 2761 294 2805 dant
307 2777 355 2807 ne
378 2761 472 2803 dum
486 2762 526 2803 in
547 2761 660 2802 lucris
674 2773 769 2816 pure
789 2758 925 2799 delatis
940 2757 1024 2804 ‚sed

201 2822 317 2864 etiarn
341 2819 680 2866 conditionaliter,
710 2817 828 2861 veluti
856 2818 894 2856 in
913 2815 1023 2857 lucro

201 2878 329 2922 dotali
341 2893 384 2922 ex
395 2878 532 2920 statuto
545 2877 810 2933 praemoriente
821 2888 936 2917 vxore
951 2873 1025 2915 fine

200 2937 468 2979 communibus
477 2937 582 2992 filijs‚
602 2949 688 2977 nam
700 2934 792 2976 licet
815 2933 971 2974 maritus
984 2934 1025 2973 in

198 2995 467 3054 praeiudicium
503 2994 706 3038 creditoris
733 2992 875 3051 priuati
905 2989 1016 3049 possit

1093 1670 1142 1706 4¹

1089 2906 1113 2985 Ξ

1753 151 1892 215 379

1169 244 1254 302 post
1265 257 1428 288 mortem
1449 242 1596 292 viroris,
1610 242 1651 284 &
1667 241 1791 285 multo
1815 242 1935 298 magis
1949 256 1994 284 ea

1168 305 1324 366 viluente
1346 305 1493 346 lucrum
1523 302 1621 345 illud
1651 303 1772 359 legale
1799 314 1992 344 remittere

1167 376 1233 418 per
1248 364 1369 404 casum
1395 363 1589 405 dictorum
1606 363 1746 404 iurium
1766 376 1776 402 ε
1799 373 1871 415 pro
1893 359 1990 401 vtsic

1166 421 1338 464 latissime
1351 422 1618 464 consuluerunt
1643 419 1760 461 Paris
1772 419 1912 468 constr
1930 431 1989 463 27.

1164 480 1204 521 in
1225 498 1252 522 t.
1271 480 1492 523 Socimiun.
1506 479 1661 521 consilio
1683 494 1767 528 ¹09·
1783 477 1825 518 &
1842 494 1854 519 1
1872 493 1932 526 24.
1947 478 1987 518 in

1165 553 1185 589 3
1206 539 1546 583 Roland.delucro
1562 538 1680 579 dotis.
1699 537 1903 595 quaestione
1922 550 1986 584 40.

1161 599 1371 640 Diuersum
1386 611 1511 639 tamen
1523 596 1574 638 est
1587 600 1625 636 in
1639 595 1726 636 fisco
1735 595 1888 649 speciali
1904 590 1999 637 iure*

1161 657 1235 698 fisci
1253 658 1367 698 etiam
1380 657 1419 696 in
1433 657 1514 697 vita
1528 654 1654 696 vxoris
1669 669 1678 695 ε
1692 655 1782 710 quia
1793 667 1836 694 ex
1850 653 1988 694 statuto

1161 717 1219 756 ius
1233 728 1388 773 quoque
1406 714 1546 755 marito
1569 710 1836 753 conditionale
1855 712 1988 767 acqui-

1160 776 1256 816 ritur
1270 807 1277 814 .
1293 780 1330 820 §.
1343 787 1386 815 ex
1401 770 1670 815 conditionali.
1684 769 1826 812 institu.
1838 769 1887 810 de
1900 784 1987 812 ver·

1161 833 1299 873 borum
1322 831 1576 887 obligatio&
1591 830 1637 872 fic
1658 827 1825 870 decisum
1849 827 1922 870 fuit
1945 828 1985 869 in

1159 891 1331 934 fauorem
1353 887 1426 932 fisci
1444 889 1578 931 Patau.
1592 887 1794 929 creditoris
1819 887 1856 931 d.
1874 887 1985 930 Ioan.

1160 951 1283 992 Anto.
1298 950 1346 991 de
1374 949 1553 991 Miliario
1587 947 1654 1004 qui
1679 959 1796 988 vxore
1828 945 1983 989 viuente

1159 1010 1449 1050 renunciauerat
1470 1007 1580 1049 lucro
1594 1004 1713 1048 dotali
1737 1003 1801 1046 fibi
1814 1018 1857 1047 ex
1872 1003 1983 1046 statu-

1158 1080 1200 1110 to
1225 1067 1352 1109 delato
1371 1084 1383 1108 1
1400 1072 1487 1116 586.
1505 1083 1537 1108 2.
1553 1063 1748 1119 Septemb.
1763 1064 1806 1105 &
1826 1063 1983 1105 aduerte

1158 1127 1252 1167 dum
1273 1126 1350 1168 dixi
1366 1126 1415 1167 de
1432 1125 1546 1166 lucris
1568 1123 1707 1178 exlege
1720 1121 1874 1164 delatis:
1891 1136 1980 1164 nam

1159 1185 1183 1226 fi
1209 1200 1254 1227 ex
1283 1183 1397 1241 pasto
1420 1199 1430 1226 t
1453 1184 1544 1225 licet
1567 1181 1832 1224 conditionale
1858 1181 1974 1230 esset,

1160 1258 1237 1284 non
1252 1243 1372 1299 poffet
1391 1243 1545 1284 debitor
1566 1242 1670 1282 lucra
1691 1254 1736 1281 ex
1746 1239 1862 1294 pacto
1885 1253 1979 1282 con-

1160 1304 1340 1344 ditionali
1354 1302 1420 1343 fibi
1448 1300 1577 1343 debita
1598 1299 1791 1341 remittere
1814 1299 1855 1340 in
1879 1297 1979 1340 frau-

1157 1360 1246 1403 dem
1261 1360 1496 1402 creditorum
1507 1359 1621 1400 etiam
1634 1358 1981 1413 priuatorum‚quia

1156 1433 1200 1462 ex
1214 1418 1409 1461 contractu
1430 1416 1686 1460 conditionali
1700 1417 1758 1457 ius
1776 1415 1905 1457 efficax
1917 1429 1978 1457 ac—

1156 1479 1373 1535 quirit.§.ex
1386 1474 1641 1519 conditionali
1655 1490 1665 1516 :
1677 1473 1791 1514 instit.
1804 1474 1854 1514 de
1868 1475 1976 1516 verb.

1154 1535 1468 1594 oblig.Tiraq.de
1481 1546 1675 1578 retrmun.
1689 1538 1723 1581 §.
1742 1548 1755 1573 1
1765 1563 1774 1573 .
1785 1531 1892 1589 gloss.
1912 1548 1925 1573 1
1937 1549 1971 1573 o.

1154 1609 1317 1638 numero
1333 1608 1395 1645 45.

1207 1653 1327 1696 Adde
1337 1654 1453 1696 etiam
1475 1651 1585 1709 quod
1609 1650 1702 1692 licet
1717 1647 1872 1693 debitor
1893 1649 1973 1705 ipse

1148 1713 1252 1755 lucra
1274 1711 1340 1755 fibi
1363 1711 1488 1752 delata
1509 1709 1705 1752 remittere
1731 1707 1841 1761 posfit
1858 1721 1868 1748 :
1888 1722 1969 1751 non

1149 1784 1275 1813 tamen
1289 1769 1371 1811 eius
1384 1769 1518 1814 haeresr
1534 1768 1581 1810 fic
1594 1765 1971 1811 Socin.iun.d.confi.

1152 1847 1166 1871 r
1183 1846 1242 1878 24.
1257 1841 1419 1870 numero
1441 1828 1582 1875 tertio,
1603 1839 1672 1880 per
1695 1836 1781 1866 text.
1792 1838 1906 1882 quem
1922 1825 1970 1867 iic

1147 1887 1331 1928 intellexit
1362 1887 1404 1928 in
1423 1886 1601 1928 l-liberto
1619 1882 1833 1940 octoginta.
1855 1882 1890 1925 ff.
1919 1883 1970 1926 de

1145 1945 1346 1988 bon.liber.

1146 2079 1225 2123 DE
1270 2070 1907 2123 PRAESCRIPTIONIBVS

1249 2137 1447 2183 fiscalibus.
1474 2202 1476 2204 V
1488 2133 1643 2178 Titulus
1654 2133 1841 2176 Octauus.

1081 2274 1096 2299 1
1156 2255 1379 2308 Praefiribitur
1392 2262 1501 2290 contra
1515 2250 1629 2300 fifium
1640 2255 1675 2288 in
1694 2250 1873 2289 allionibus
1884 2260 1962 2300 per·

1173 2309 1339 2363 finalibus
1351 2335 1364 2353 ,
1385 2304 1525 2343 realibus
1536 2329 1547 2347 ,
1569 2307 1615 2345 &⁴
1634 2303 1961 2356 lypotbecariispront

1191 2374 1303 2401 contra
1313 2363 1495 2409 priuatum.

1168 2418 1272 2456 Fallit
1281 2418 1316 2451 in
1326 2409 1514 2458 cafibusJfi
1528 2407 1670 2459 C.desac
1678 2409 1868 2458 fimet-cles.

1085 2485 1106 2510 2.
1162 2470 1354 2517 Praeftriptio
1368 2466 1557 2500 centenaria
1566 2467 1666 2500 currit
1679 2470 1788 2498 contra
1810 2461 1928 2510 fifium
1942 2489 1962 2509 ,ι

1189 2527 1225 2559 in
1240 2513 1863 2574 cafibus.l.fina.C.defircrq(an.et-cless.
1880 2530 1896 2572 l

1084 2590 1103 2628 3
1161 2583 1236 2615 Lex
1239 2575 1270 2622 fi
1275 2570 1366 2610 .c.de
1368 2570 1618 2618 fizcsan-ecclefi
1628 2570 1732 2604 locum
1742 2565 1840 2604 babet
1849 2566 1953 2615 mfis·

1190 2630 1286 2674 ug&
1296 2628 1330 2661 in
1335 2627 1492 2675 principe.

1085 2699 1110 2731 4
1161 2684 1311 2729 Princeps
1319 2680 1426 2714 vtitur
1431 2674 1607 2727 priuilegia
1616 2674 1804 2710 centenaria
1807 2683 1831 2723 p
1838 2674 1955 2721 raescri-

1186 2737 1272 2786 ption
1277 2735 1302 2768 is
1311 2734 1346 2768 in
1360 2730 1451 2767 rebus
1456 2729 1648 2778 patrimonii
1648 2728 1848 2776 suipriuati.

1165 2787 1319 2825 Praelaeus
1328 2786 1361 2819 in
1371 2782 1462 2819 rebus
1477 2777 1516 2816 de
1528 2781 1587 2828 suo
1592 2783 1715 2829 patrim
1720 2780 1789 2815 onio
1797 2790 1955 2830 magau-

1185 2839 1238 2877 det
1241 2846 1335 2888 prout
1347 2834 1479 2882 ecclesia
1488 2834 1716 2883 prescriptione
1726 2843 1748 2874 4
1756 2843 1860 2868 eamn
1867 2858 1876 2866 .

1164 2899 1240 2932 Lex
1242 2891 1272 2938 fi
1276 2894 1316 2928 ,Ε
1321 2886 1370 2926 de
1376 2889 1442 2936 sac.
1440 2887 1688 2937 samecclefinon
1697 2882 1752 2920 253¹
1758 2881 1908 2919 camela.

1166 2948 1313 2995 Princeps
1319 2943 1479 2991 secularis
1489 2954 1551 2976 non
1556 2934 1684 2989 gaudet
1694 2937 1866 2987 priuilegio
1874 2945 1954 2985 pra-

1177 2998 1358 3050 scriptionis
1380 2995 1569 3033 centenaria
1587 3000 1684 3029 extra
1708 2991 1796 3039 casus
1815 2991 1841 3025 l.
1849 2988 1956 3076 {nal⁴

1811 3046 1841 3078 C
1849 3067 1856 3078 .
1879 3054 1899 3077 e
